1910 3154
985 93 1034 132 14

237 208 430 264 νηνόχασι
453 206 566 263 μέρη.
601 207 736 263 διόπερ
758 205 871 248 οὐδὲν
900 206 1125 262 θαυμαστὸν
1158 206 1263 265 ἔχειν
1294 225 1328 250 τι
1360 208 1510 264 πλῆθος
1534 207 1604 264 τὴν
1626 207 1768 265 τέχνην

241 282 330 334 (Ar.
364 280 405 322 S.
439 279 488 321 E.
524 283 591 331 33,
627 279 711 335 15).

966 366 1020 409 II.

463 444 722 507 Euripides
759 461 865 494 cum
898 445 1183 509 aequalibus
1220 449 1537 509 comparatus.

356 573 535 625 Saepius
566 570 608 613 id
641 573 835 614 notatum
868 574 935 614 est
967 584 1062 614 eum
1094 571 1166 625 qui
1193 571 1247 614 ad
1270 575 1408 614 artem
1429 569 1763 624 cognoscendam

238 645 487 697 accesserit,
521 644 663 688 studio
697 648 893 698 captum,
934 657 1019 688 non
1061 645 1197 688 solum
1238 656 1372 688 novae
1410 644 1631 687 doctrinae
1668 643 1764 698 plus

236 721 350 763 iusto
381 718 586 771 tribuere,
619 718 695 760 sed
717 718 861 770 inepte
897 719 1079 779 eandem
1110 719 1203 761 loco
1235 722 1279 761 et
1309 723 1500 771 tempore
1531 719 1670 760 alieno
1702 718 1763 760 in-

237 793 392 835 fercire
424 796 552 844 atque
584 791 812 833 inculcare.
875 791 1047 834 Laudat
1078 791 1246 845 quidem
1286 791 1327 833 in
1360 791 1564 844 Euripide
1597 790 1764 841 Quinti-

236 866 377 909 lianus
409 863 599 907 studium
630 863 912 917 eloquentiae,
945 864 1020 907 sed
1052 863 1114 908 ita
1145 864 1295 907 laudat
1323 866 1372 907 ut
1390 860 1764 918 reprehensiOnem

237 937 466 990 dispicias:
512 936 648 989 „Illud
682 936 851 988 quidem
883 949 1006 978 nemo
1038 950 1119 978 non
1153 937 1341 978 fateatur
1371 949 1547 979 necesse
1580 941 1666 987 est,
1709 936 1763 979 iis

236 1010 308 1063 qui
341 1021 387 1051 se
427 1008 478 1050 ad
514 1007 726 1060 agendum
767 1012 1039 1060 comparant,
1084 1008 1299 1050 utiliorem
1339 1008 1466 1063 longe
1507 1008 1597 1051 fore
1640 1008 1762 1050 Euri-

235 1083 376 1137 piden.
440 1079 634 1136 Namque
666 1079 703 1121 is
736 1084 780 1122 et
811 1092 1006 1122 sermone
1039 1080 1179 1135 magis
1212 1080 1380 1123 accedit
1408 1081 1596 1123 oratorio
1615 1080 1761 1134 generi

239 1161 284 1200 et
315 1154 543 1199 sententiis
575 1153 747 1204 densus,
779 1157 823 1195 et
847 1153 890 1195 in
909 1153 963 1196 iis
982 1166 1090 1207 quae
1113 1166 1139 1196 a
1158 1152 1424 1207 sapientibus
1454 1153 1617 1196 tradita
1649 1157 1760 1208 sunt,

235 1243 373 1284 paene
404 1227 511 1281 ipsis
543 1240 636 1280 par,
683 1229 726 1268 et
758 1226 938 1269 dicendo
972 1230 1016 1269 et
1046 1227 1344 1280 respondendo
1386 1225 1562 1270 cuilibet
1602 1240 1760 1282 eorum,

236 1303 308 1357 qui
339 1302 513 1344 fuerunt
543 1299 586 1340 in
619 1298 712 1340 foro
745 1298 910 1349 diserti,
944 1299 1278 1352 comparandus;
1321 1299 1363 1340 in
1405 1298 1629 1341 affectibus
1660 1312 1760 1341 vero

236 1384 329 1415 cum
362 1368 558 1413 omnibus
589 1369 722 1410 mirus
753 1372 843 1410 tum
874 1369 916 1410 in
948 1368 1001 1411 iis
1034 1370 1104 1422 qui
1144 1369 1188 1410 in
1228 1369 1505 1412 miseratione
1547 1372 1758 1422 constant,

234 1444 362 1487 facile
394 1440 678 1496 praecipuus“
712 1441 800 1493 (10,
837 1445 872 1491 1,
907 1442 1080 1495 67-8).

351 1515 487 1566 Quam
518 1513 735 1555 rhetorica
766 1513 823 1555 sit
854 1513 1094 1556 orationum
1120 1514 1231 1567 apud
1249 1514 1495 1568 Euripidem
1528 1518 1761 1569 structura,

233 1600 285 1630 ex
314 1587 407 1641 ipso
439 1587 573 1639 patet.
635 1583 797 1626 Tamen
828 1596 909 1626 non
928 1583 1111 1626 alienum
1131 1584 1300 1627 videtur
1332 1597 1383 1626 ex
1412 1585 1568 1627 iudicio
1601 1597 1759 1639 aequa-

232 1660 334 1703 lium
366 1671 456 1701 rem
489 1655 739 1700 confirmare
772 1660 836 1706 et,
878 1657 1198 1710 comparatione
1230 1657 1372 1711 facta,
1413 1662 1616 1711 quantum
1647 1659 1761 1702 inter

232 1737 404 1787 poetam
437 1734 480 1773 et
513 1729 775 1772 rhetoricum
802 1728 1032 1783 discrepet,
1065 1730 1214 1783 paucis
1246 1730 1487 1773 ostendere.

347 1804 491 1847 Primo
534 1802 587 1845 ad
621 1802 952 1855 Aristophanem
989 1803 1257 1846 accedamus.
1318 1803 1590 1857 Dicaeopolis
1621 1804 1662 1845 in
1695 1802 1759 1847 fa-

229 1877 330 1922 bula
364 1873 709 1919 Acharnensibus
750 1874 967 1917 rhetorico
1009 1880 1221 1928 apparatu
1258 1876 1557 1918 ornatissimus
1591 1876 1633 1918 in
1665 1888 1759 1919 sce-

175 1952 177 1954 ’
230 1966 330 1996 nam
358 1950 504 2005 prodit
533 1953 736 2003 tanquam
774 1948 885 2003 apud
918 1948 1083 1992 iudices
1108 1962 1282 1993 causam
1306 1953 1519 1994 oraturus.
1579 1949 1636 1993 Et
1666 1950 1758 2005 qui-

229 2025 327 2068 dem
358 2027 405 2066 ut
436 2022 508 2077 qui
539 2021 723 2064 orationi
755 2022 1072 2074 componendae
1115 2023 1207 2075 ipse
1237 2022 1376 2075 impar
1407 2026 1548 2076 esset,
1598 2034 1675 2064 sua
1706 2035 1758 2064 ex

229 2098 435 2152 Euripide
466 2099 610 2151 ποιητῇ
644 2093 845 2151 ῥηματίων
880 2095 1088 2136 δικανικῶν
1121 2094 1211 2151 (Ar.
1243 2095 1343 2138 Pac.
1377 2095 1494 2149 534),
1527 2093 1609 2138 Sibi
1640 2107 1756 2138 sum-

227 2174 389 2226 pserat.

343 2243 612 2287 Prooemium
646 2241 947 2295 complectitur
978 2254 1127 2284 versus
1160 2244 1410 2284 496-514:
1449 2242 1639 2285 narratio
1673 2245 1753 2285 515

231 2321 398 2361 -5402
446 2314 644 2371 probatio
678 2318 915 2357 541—54.
977 2314 1127 2357 Brevis
1171 2313 1365 2371 epilogus
1408 2316 1591 2358 orationi
1629 2314 1754 2358 finem

224 2392 440 2445 imposuit.

340 2463 529 2505 Primum
561 2464 708 2504 orator
739 2473 784 2503 se
813 2464 990 2503 excusat
1019 2461 1128 2514 quod
1152 2462 1243 2514 ipse
1267 2474 1432 2515 pauper
1456 2461 1508 2503 de
1534 2461 1755 2515 republica

225 2540 269 2580 et
299 2549 377 2590 pro
407 2548 513 2589 pace
545 2534 738 2577 dicturus
779 2534 859 2576 sit:
903 2534 1114 2590 (διαβολῆς
1155 2532 1263 2581 λύσις
1308 2532 1504 2591 περὶτοῦ
1547 2534 1754 2591 ἀνθρώπου

224 2609 268 2654 ὲκ
304 2613 372 2652 τοῦ
412 2607 603 2666 πάροντος
646 2609 779 2650 Anax.
814 2620 848 2650 C.
885 2610 951 2650 30.
985 2607 1006 2662 ἓ
1040 2610 1064 2650 8
1097 2620 1188 2662 sqq.
1249 2607 1338 2665 περί
1377 2606 1420 2649 τὸ
1462 2610 1625 2665 πρᾶγμα
1656 2641 1663 2649 .
1700 2641 1708 2650 .
1743 2641 1752 2651 .

222 2687 313 2727 ὅταν
360 2701 415 2731 τις
456 2717 464 2725 .
500 2716 508 2724 .
542 2715 551 2723 .
589 2716 597 2725 .
643 2679 911 2737 συμβουλεύῃ.
957 2681 1115 2737 εἰρήνην
1157 2683 1356 2723 ποιεῖσθαι
1397 2680 1564 2739 αἰσχράν
1610 2683 1632 2739 ξ
1668 2683 1753 2738 18).

220 2760 341 2804 Hanc
374 2757 689 2801 excusationem
722 2758 824 2808 apta
857 2755 1073 2797 sententia
1107 2754 1331 2798 confirmat
1374 2756 1534 2813 (γνώμη
1568 2754 1751 2812 εὔκαιρος

218 2834 343 2877 Dion.
375 2832 474 2886 Lys.
506 2843 547 2883 p.
581 2829 696 2883 194).
757 2827 861 2870 Inde
903 2830 993 2870 stat
1036 2827 1178 2871 brevis
1209 2828 1468 2883 propositio,
1514 2828 1748 2872 secundum
