1910 3154
918 128 970 167 52
1537 124 1561 138 ⁰

202 250 206 252 ·
289 240 333 284 Si
376 241 502 294 plura
533 240 730 294 quaeris,
782 238 926 283 verbis
959 239 1212 290 Quintiliani
1243 238 1447 284 monebo:
1481 239 1701 298 „plerique

173 324 343 366 semper
384 311 648 355 narrandum
689 315 975 365 putaverunt,
1019 312 1132 365 quod
1172 311 1328 356 falsum
1370 325 1465 355 esse
1507 311 1703 367 pluribus

172 384 449 441 coarguitur“
484 385 544 438 (4,
579 387 617 438 2,
651 384 711 438 4).

287 454 483 508 Denique
496 457 733 507 praecepta
763 454 872 496 artis
904 454 1110 507 exemplis
1129 455 1279 507 paucis
1302 455 1524 498 illustrare
1554 455 1697 497 liceat.

285 525 335 567 In
366 525 614 568 narratione
645 526 788 569 inesse
819 525 950 569 debet
981 525 1209 581 προαίρεσις
1241 526 1332 581 (Ar.
1361 526 1440 569 Rh.
1482 530 1521 578 3,
1556 531 1622 581 16,
1641 529 1697 580 8).

172 597 384 650 Inspicias
415 597 543 639 velim
575 597 796 639 orationes
831 601 867 650 1,
902 601 970 640 57.

283 668 518 722 Egregiam
548 667 799 710 ὑποτύπωσιν
831 667 968 712 habes
1001 672 1169 723 6,120.

285 737 523 795 Ἀπαγγελία
552 740 728 794 proprio
760 753 890 784 sensu
920 753 999 794 per
1028 741 1225 796 legatum
1255 739 1372 784 facta
1403 744 1472 783 49.

288 812 412 856 Ficta
455 813 650 855 narratio
697 813 771 867 (ὡς
830 813 1038 867 γεγονότος
1081 812 1282 867 Hermog.
1324 812 1519 868 Progym.
1565 825 1605 867 p.
1638 813 1698 868 4),

169 860 290 926 extat
319 885 363 926 in
393 885 496 927 Ione
530 888 583 927 79
617 889 661 927 et
690 885 733 926 in
766 885 922 927 Medea
956 888 1049 927 106.

287 955 529 999 Secundum
547 956 828 999 Aristotelem
860 955 992 999 debet
1023 960 1171 999 orator
1203 957 1269 999 sui
1299 956 1450 999 laudes
1482 957 1605 1010 quasi
1635 957 1697 999 in—

169 1027 340 1070 sinuare
372 1027 744 1084 (παραδιηγεῖσθαι)
777 1031 846 1079 88,
886 1030 979 1069 122.

285 1100 526 1142 Secundum
558 1099 743 1142 eundem
772 1103 975 1141 narratur
1017 1100 1062 1141 in
1094 1097 1377 1142 deliberativo
1409 1112 1568 1154 genere
1599 1104 1694 1142 tan-

168 1174 259 1214 tum
290 1175 338 1214 ut
368 1171 521 1215 melius
553 1172 824 1233 consulamus
857 1171 947 1226 (Ar.
980 1171 1058 1213 Rh.
1095 1174 1133 1222 3,
1170 1173 1235 1222 16,
1270 1173 1308 1225 5,
1344 1171 1414 1225 ll)
1448 1175 1515 1215 89.

287 1243 368 1292 Qui
400 1255 446 1285 se
476 1243 778 1296 respondendo
804 1243 1011 1294 defendit,
1043 1256 1182 1295 pauca
1210 1246 1379 1286 tantum
1409 1256 1589 1286 narrare
1621 1244 1695 1287 de-

170 1312 246 1357 bet
278 1313 360 1368 (Id.
394 1314 416 1369 §
450 1314 493 1368 6)
530 1317 624 1357 104.

287 1387 369 1437 Qui
399 1399 470 1429 res
497 1387 714 1439 turpiores
743 1389 1061 1439 commemorat,
1095 1385 1351 1441 ambagibus
1381 1399 1472 1429 rem
1503 1387 1695 1430 indicare

168 1457 299 1502 debet
330 1457 482 1514 (Anax.
518 1460 585 1507 36,
622 1455 693 1513 16)
729 1460 825 1499 146.

725 1631 802 1680 De
837 1630 1143 1680 Probatione.

284 1747 378 1791 Iam
410 1747 465 1791 ad
495 1746 795 1801 probationem
824 1747 1134 1791 transeundum
1166 1751 1246 1791 est.

284 1820 349 1861 De
382 1820 646 1874 argumentis
690 1818 1035 1863 inartificialibus
1076 1832 1159 1862 non
1192 1824 1259 1863 est
1290 1821 1403 1874 quod
1435 1821 1600 1864 dicam:
1646 1835 1697 1865 ex

170 1893 224 1935 iis
256 1892 329 1946 qui
359 1893 402 1934 in
433 1904 656 1935 numerum
681 1890 972 1935 artificialium
993 1893 1181 1944 veniunt,
1214 1893 1504 1936 Anaximenes
1527 1893 1698 1937 videtur

168 1964 316 2018 σημεῖα
347 1967 391 2005 et
421 1963 612 2019 ἐλέγχους
643 1964 687 2004 in
718 1963 910 2005 iudiciali
942 1968 1110 2006 tantum
1143 1976 1303 2019 genere
1335 1977 1494 2018 ponere
1527 1966 1606 2019 (cc.
1629 1956 1694 2018 10,

171 2039 237 2089 13,
270 2048 304 2078 c.
339 2038 408 2088 37,
444 2036 528 2087 15).
590 2035 648 2077 Et
687 2035 771 2076 iam
818 2034 1001 2077 vidimus
1047 2035 1154 2078 haec
1200 2036 1313 2089 apud
1345 2036 1597 2090 Euripidem
1627 2038 1696 2080 vix

168 2108 311 2150 locum
350 2105 512 2149 habere
553 2106 640 2161 (pp.
677 2109 729 2148 32
762 2105 858 2162 sq.)
921 2107 1076 2149 Restat
1114 2110 1162 2149 ut
1202 2107 1462 2161 reliquorum
1504 2109 1698 2163 exempla

166 2191 415 2234 proponam.

285 2251 435 2294 Εἰκότα
465 2251 594 2305 primi
624 2251 798 2306 generis
828 2252 925 2305 (An.
960 2255 999 2303 8,
1034 2255 1058 2293 6
1092 2252 1175 2307 sq.)
1207 2250 1369 2295 habes:

282 2324 349 2367 El.
393 2327 490 2367 947.
562 2324 650 2367 Ion.
696 2326 920 2366 594—611
968 2325 1224 2379 (quattuor).
1287 2325 1415 2379 Hipp.
1459 2328 1564 2377 381,
1597 2329 1695 2369 439.

166 2396 297 2439 Andr.
331 2399 428 2437 949.
489 2395 603 2437 Med.
638 2398 735 2437 286.

284 2467 470 2512 Secundi
508 2467 682 2523 generis
719 2467 833 2510 Med.
878 2471 973 2511 285.
1036 2468 1240 2512 Fortasse
1281 2468 1363 2512 huc
1404 2467 1521 2512 refer
1563 2468 1694 2512 Andr.

166 2544 263 2584 948.
326 2540 455 2594 Hipp.
489 2543 587 2582 387.
647 2540 763 2582 Raro
795 2539 965 2584 obvium
996 2544 1076 2584 est.
1131 2575 1134 2578 .

282 2612 419 2655 Tertii
450 2611 636 2667 generis.
698 2611 802 2654 Hec.
850 2615 983 2664 1207,
1031 2615 1155 2655 1245.
1218 2612 1348 2654 Andr.
1395 2616 1489 2654 947.
1553 2611 1698 2655 Facile

164 2694 258 2725 cum
290 2681 433 2735 capite
463 2679 582 2723 finali
610 2680 719 2723 Utili
751 2680 1039 2725 confunditur.

279 2754 345 2797 Ad
378 2752 611 2796 secundum
652 2752 758 2795 illud
805 2765 942 2809 genus
988 2765 1120 2807 prope
1165 2752 1375 2797 accedere
1407 2752 1515 2796 illud
1544 2749 1593 2793 τὰ
1624 2750 1696 2808 ἔθη

162 2830 240 2871 τῶν
271 2824 515 2884 πραγμάτων
548 2824 668 2868 dicas
700 2824 798 2881 (An.
835 2828 902 2878 33,
940 2825 992 2882 1).
