1910 3154
916 89 967 127 39

182 198 293 242 unde
323 198 393 251 fit,
424 203 485 251 ut,
516 200 598 243 nisi
629 200 779 253 obiter,
811 200 932 244 nobis
963 202 1058 243 usui
1089 212 1184 243 esse
1214 213 1297 242 non
1317 203 1473 253 potest.
1535 200 1689 242 Anaxi-

184 286 351 316 menem
380 274 511 326 igitur
541 273 689 316 ducem
720 274 841 328 sequi
870 275 1076 327 optimum
1105 273 1286 316 videtur.
1407 329 1410 332 .

297 346 354 389 Et
369 346 547 400 primum
564 346 734 400 quidem
752 346 803 389 de
826 348 1065 390 orationum
1081 345 1331 400 generibus:
1354 357 1532 399 quorum
1547 346 1687 400 „Ana-

182 420 370 463 ximenes
396 455 404 463 .
430 454 437 462 .
465 454 472 462 .
497 423 661 473 septem
692 432 786 463 esse
818 421 981 474 species
1011 420 1155 471 voluit,
1188 419 1401 471 hortandi,
1433 417 1689 461 dehortandi

182 492 398 547 laudandi,
433 492 717 546 vituperandi,
748 493 988 545 accusandi,
1012 491 1278 543 defendendi,
1301 490 1561 545 exquirendi,
1586 502 1689 544 qua-

183 577 275 607 rum
307 564 417 607 duae
448 564 611 617 primae
643 564 924 617 deliberativi,
958 565 1067 608 duae
1098 567 1324 618 sequentes
1352 562 1689 614 demonstrativi,

183 636 291 680 duae
322 637 539 690 proximae
570 636 781 680 iudicialis
814 637 984 692 generis
1016 636 1140 679 sunt“
1175 637 1326 689 (Anax.
1360 648 1393 677 c.
1419 638 1455 685 2,
1489 635 1629 685 Quint.
1651 638 1689 686 3,

184 712 223 760 5,
257 709 313 762 9).
373 706 534 751 Ultima
562 708 649 762 illa,
682 721 806 763 quam
838 706 1077 755 ἐξεταστικὸν
1110 708 1226 759 dicit,
1257 708 1396 750 rarius
1425 720 1502 760 per
1533 719 1578 749 se
1602 710 1691 750 stat

183 781 288 833 sola,
318 780 567 835 plerumque
599 794 692 824 cum
723 782 878 825 ceteris
908 783 1133 824 coniuncta
1162 785 1205 823 et
1234 781 1459 823 commixta
1492 779 1588 836 (An.
1623 783 1690 832 38,

182 853 718 909 Eur.Suppl.409—456).
780 854 871 905 Qua
901 855 1071 908 quidem
1102 854 1259 896 omissa
1288 853 1509 906 respondit
1539 852 1691 896 divisio

184 924 224 967 ei
256 937 383 979 quam
400 925 654 968 Aristoteles
688 926 849 979 primus
880 929 1129 969 constanter
1148 929 1371 968 exsecutus
1392 929 1458 968 est
1489 923 1692 980 (Spengel

184 998 239 1040 ad
270 998 403 1040 Anax.
435 1010 475 1051 p.
507 1001 558 1041 99
586 998 679 1053 sq).
739 998 787 1040 In
819 999 998 1051 privatis
1031 998 1161 1041 etiam
1193 996 1383 1040 coetibus
1413 998 1495 1039 hae
1526 998 1692 1050 species

144 1074 152 1082 '
183 1069 440 1113 adhibentur
475 1070 528 1119 (c.
563 1073 600 1122 2,
633 1073 671 1125 2,
704 1083 738 1113 c.
773 1074 839 1122 38,
874 1074 911 1125 3,
942 1071 1006 1113 Pl.
1039 1070 1220 1113 Phaedr.
1254 1073 1331 1112 261
1369 1071 1424 1124 A,
1457 1069 1587 1126 Gorg.
1607 1073 1689 1112 452

182 1143 250 1198 E).
323 1142 468 1186 Habes
500 1144 773 1187 Aristotelem
805 1157 899 1186 cum
929 1144 1107 1186 Platone
1150 1148 1193 1186 et
1225 1144 1483 1186 Anaximene
1515 1156 1691 1187 consen-

181 1214 359 1256 tientem
390 1214 486 1267 (Rh.
521 1218 557 1265 3,
591 1218 629 1266 3,
662 1217 716 1267 3).

295 1286 482 1327 Primum
512 1290 674 1328 tractat
703 1286 984 1328 Anaximenes
1016 1298 1148 1339 genus
1181 1285 1529 1338 deliberativum,
1577 1287 1689 1340 quod

181 1358 226 1401 in
241 1370 320 1401 usu
337 1358 507 1412 saepius
524 1357 689 1401 obvium
704 1358 761 1400 sit
773 1358 830 1412 (2,
843 1358 899 1410 3).
933 1358 1077 1401 Ceteri
1092 1362 1189 1411 post
1202 1358 1478 1400 Aristotelem
1490 1358 1690 1402 iudiciale
1739 1374 1744 1380 ·

184 1434 468 1484 anteponunt3
502 1431 793 1473 alia-minoris
823 1431 998 1473 faciunt.
1061 1430 1183 1484 Apud
1204 1430 1466 1484 Euripidem,
1498 1431 1607 1474 sicut
1628 1431 1692 1474 rei

182 1508 339 1548 natura
369 1503 472 1559 fert,
519 1516 651 1558 genus
696 1502 1022 1547 deliberativum
1062 1515 1235 1547 numero
1276 1503 1452 1558 reliquis
1480 1506 1688 1558 praestat.

182 1577 271 1620 Nec
302 1581 445 1619 tamen
477 1576 602 1619 facile
633 1577 889 1630 Euripideas
920 1577 1134 1619 orationes
1167 1576 1395 1619 secundum
1426 1577 1592 1629 species
1622 1590 1690 1619 or-

183 1649 485 1702 dinare=licet3
531 1649 685 1704 quippe
717 1649 882 1703 species
914 1662 991 1692 eae
1025 1648 1309 1692 adhibeantur
1339 1652 1383 1691 et
1414 1661 1491 1703 per
1526 1661 1572 1692 se
1604 1649 1688 1692 sin-

183 1721 306 1774 gulae
339 1724 383 1762 et
413 1721 663 1763 commixtae
695 1721 845 1774 (Anax.
880 1733 913 1762 c.
948 1724 986 1772 6,
1019 1720 1077 1773 4).
1159 1720 1373 1773 Optimum
1403 1720 1507 1762 illud
1540 1720 1689 1763 discri-

181 1804 278 1835 men
320 1796 386 1835 est
425 1793 461 1835 si
500 1795 621 1835 notes
653 1804 778 1846 quam
809 1792 923 1834 vitae
955 1792 1185 1848 imaginem
1215 1792 1441 1845 Euripides
1483 1793 1690 1836 imitando

182 1864 345 1908 referre
376 1865 581 1918 voluerit,
628 1869 671 1908 et
701 1865 800 1907 inde
830 1865 1044 1907 orationes
1076 1864 1326 1918 distinguas.
1398 1865 1618 1918 Perpauca
1648 1867 1691 1908 in

182 1938 323 1992 specie
357 1937 604 1991 exquirendi
633 1937 805 1979 inventa
830 1940 953 1979 sunt:
985 1937 1155 1979 inventa
1177 1940 1321 1979 tamen
1348 1937 1535 1979 distinxi.
1584 1938 1691 1980 Tum

182 2014 248 2053 est
280 2010 431 2052 electio
464 2008 713 2052 difficillima
744 2023 838 2052 cum
868 2010 1012 2063 plures
1044 2009 1381 2064 subsequantur,
1413 2022 1522 2063 quae
1553 2011 1595 2052 in
1627 2011 1690 2053 di-

181 2095 306 2125 versa
336 2094 494 2136 genera
525 2081 679 2124 cadere
710 2082 919 2124 videntur.
994 2082 1042 2123 In
1073 2082 1225 2124 Oreste
1268 2081 1413 2124 fabula
1447 2083 1589 2136 quiete
1622 2096 1691 2126 ac-

182 2159 303 2198 cusat
335 2155 579 2209 Tyndarus,
620 2155 795 2197 Orestes
826 2168 872 2197 se
905 2154 1107 2198 defendit.
1185 2155 1288 2198 Inde
1321 2168 1451 2199 senex
1481 2156 1545 2199 ira
1578 2170 1689 2200 com-

181 2232 321 2271 motus
353 2215 549 2271 minatur.
612 2227 692 2279 Qui
724 2240 817 2271 cum
849 2240 976 2271 scena
1003 2227 1210 2279 decessit,
1245 2227 1421 2271 Orestes
1450 2229 1691 2273 Menelaum

182 2298 433 2351 suppliciter
464 2297 674 2349 obsecrat,
708 2298 774 2340 cui
805 2298 1022 2340 Menelaus
1053 2298 1225 2340 tandem
1257 2299 1501 2351 respondet.
1570 2300 1690 2342 Prio-

179 2369 300 2413 ribus
334 2374 482 2423 aperte
506 2371 734 2413 hortantur
768 2371 1130 2423 dehortanturque
1161 2370 1417 2423 Menelaum,
1450 2385 1689 2425 quanquam

181 2442 396 2485 orationes
427 2443 469 2484 in
501 2443 698 2485 iudiciale
718 2456 849 2497 genus
872 2443 1091 2497 aptissime
1114 2443 1292 2495 cadunt,
1327 2444 1379 2485 de
1403 2445 1552 2486 alteris
1574 2445 1690 2488 nulla

180 2519 247 2558 est
278 2515 511 2557 dubitatio:
545 2517 727 2558 suadent
757 2517 891 2558 enim:
936 2529 1012 2559 nec
1050 2516 1101 2557 de
1133 2517 1326 2559 oratione
1358 2517 1567 2569 Menelai3
1618 2519 1689 2572 qui

180 2588 217 2630 si
248 2587 370 2629 initio
403 2588 524 2641 quasi
556 2587 720 2631 arbiter
751 2589 903 2631 adesse
934 2588 1179 2640 videbatur,
1224 2589 1266 2630 in
1297 2588 1379 2632 fine
1413 2589 1691 2643 disceptatio-

180 2659 268 2712 nis,
314 2659 357 2700 in
403 2660 596 2702 suasorio
627 2673 784 2715 genere
829 2661 932 2703 dicit
962 2685 1016 2691 —-
1046 2661 1208 2703 Rursus
1240 2662 1282 2703 in
1315 2661 1491 2705 Hecuba
1521 2662 1689 2705 fabula:

180 2731 448 2785 Polymestor
478 2734 521 2773 et
542 2731 718 2776 Hecuba
739 2737 885 2786 partes
923 2733 1179 2786 litigantium
1220 2734 1445 2776 sustinent.
1495 2734 1572 2785 Qui
1596 2747 1690 2777 cum

179 2803 487 2859 peroraverint,
520 2804 780 2858 Agamemno
803 2809 1005 2859 tanquam
1029 2819 1051 2848 e
1076 2805 1281 2848 tribunali
1297 2808 1555 2860 pronuntiat.
1602 2807 1688 2849 Ho-
