1910 3154
891 79 967 118 .25

187 197 236 240 In
265 195 334 240 his
364 197 510 239 autem
538 192 690 237 credas
721 191 871 236 audire
894 190 1122 246 Sophisten
1153 189 1384 244 discipulos
1416 186 1700 241 corrigentem

193 267 423 325 (ἐπανορθοῖ
462 264 525 308 τὸν
567 265 946 322 προσδιαλεγόμενον
989 263 1051 307 Pl.
1095 263 1270 307 Theaet.
1328 264 1406 304 168
1439 258 1516 314 E):
1570 258 1701 302 verba

191 347 291 388 sunt
318 340 536 395 Euripidis
567 341 610 383 in
641 339 825 393 Antiopa
855 338 953 393 frgt.
987 341 1091 381 205:

420 415 452 456 ὦ
483 414 566 469 παῖ,
598 410 753 468 γένοιντ’
793 411 837 453 ἄν
870 411 912 453 εὖ
943 410 1171 466 λελεγμένοι
1200 411 1311 465 λόγοι

421 487 590 546 ψευδεῖς,
620 484 724 528 ἐπῶν
757 483 800 527 δὲ
828 483 1012 526 ’κάλλεσιν
1042 487 1179 541 νικῷεν
1212 482 1256 524 ἂν

418 560 589 617 τάληθές
608 573 616 583 ·
649 557 732 602 ἀλλ’.
769 558 813 600 οὐ
844 560 958 600 τοῦτο
987 556 1302 614 τάκριβέστατον,

423 632 503 682 ἀλλ’
542 635 568 689 ἡ
602 632 716 690 φύσις
746 630 811 674 καὶ
843 631 1029 688 τοόρθόν·
1061 631 1102 677 ὃς
1134 627 1162 670 δ’
1201 628 1424 684 εὖγλωσσία

421 711 520 763 νικᾷ,
553 704 676 762 σοφὸς
708 704 789 761 μέν,
822 702 903 746 ἀλλ’
939 703 1019 758 ἐγὼ
1050 701 1099 744 τὰ
1128 700 1339 758 πράγματα

421 778 592 835 κρείσσω
617 777 767 833 νομίζω
798 780 874 818 τῶν
906 777 1034 831 λόγων
1066 774 1129 816 ἀεί
1158 790 1263 816 ποτε.

312 851 407 896 Non
447 853 534 895 iam
562 851 783 906 personati
823 850 867 893 in
909 862 1089 902 scaena,
1137 848 1212 893 sed
1253 847 1335 892 vivi
1368 847 1403 888 οἱ
1434 845 1563 901 Λόγοι
1593 844 1705 887 inter

196 926 388 970 homines
418 927 659 977 versantur,
688 924 847 967 Phoen.
880 926 988 966 469:

425 998 572 1045 ἁπλοῦς
604 998 624 1038 ὁ
657 998 778 1053 μῦθος
806 1001 876 1052 τῆς
907 995 1095 1051 ἀληθείας
1126 994 1214 1050 ἔφυ,

424 1069 496 1112 κού
527 1069 712 1112 ποικίλων
746 1069 806 1111 δεῖ
834 1066 980 1126 τᾶνδιχ’
1017 1065 1347 1125 ἑρμηνευμάτων·

427 1142 513 1199 ἔχει
542 1141 617 1198 γὰρ
648 1140 748 1183 αὐτοὶ
777 1142 936 1197 καιρόν·
968 1142 988 1182 ὁ
1021 1142 1055 1182 δ’
1089 1139 1224 1186 ἄδικος
1254 1140 1371 1193 λόγος

423 1218 550 1258 νοσῶν
581 1215 619 1257 ἐν
652 1214 759 1273 αὑτῷ
788 1212 1009 1272 φαρμάκων
1042 1213 1166 1255 δεῖται
1197 1214 1344 1269 σοφῶν.

198 1289 308 1332 Nam
337 1290 410 1343 qui
449 1289 651 1333 iniustam
693 1292 789 1332 orat
817 1301 1013 1340 causam,
1056 1286 1185 1330 debet
1225 1285 1430 1329 adhibere
1470 1283 1709 1340 ἰατρεόματα

197 1361 287 1417 (Ar.
319 1362 399 1404 Rh.
434 1364 471 1412 3,
506 1364 570 1413 14,
603 1360 660 1417 7).

312 1433 395 1476 Hic
424 1446 549 1476 voces
580 1434 688 1476 artis
718 1433 914 1486 proprias
952 1432 1127 1479 subesse
1159 1432 1375 1484 suspicor,
1417 1443 1593 1483 quarum
1625 1442 1709 1472 una

200 1503 420 1563 φαρμάκων
461 1505 574 1549 idem
617 1497 741 1549 Sonat
786 1508 913 1560 atque
945 1491 1197 1561 ἱατρεόματα,
1229 1500 1535 1559 ἑρμηνευμάτων
1567 1504 1708 1545 autem

198 1578 335 1622 refert
366 1578 587 1637 ἑρμηνείαν.

312 1651 373 1696 Ut
401 1651 526 1696 Plato
563 1652 606 1695 in
638 1651 800 1709 Gorgia
843 1651 1011 1707 dialogo
1042 1650 1270 1705 Antiopam
1300 1662 1415 1703 eam,
1461 1661 1586 1704 quam
1618 1648 1709 1691 lau-

200 1725 350 1768 damus
380 1725 569 1769 fabulam
598 1725 641 1767 in
674 1738 795 1768 usum
827 1738 950 1768 suum
970 1725 1191 1780 convertit,
1223 1723 1346 1767 nobis
1371 1724 1550 1766 invicem
1582 1722 1712 1765 liceat

198 1800 356 1842 testem
384 1797 606 1842 Platonem
648 1797 854 1853 proferre.
921 1797 981 1841 Ut
1010 1797 1053 1839 in
1083 1795 1229 1840 fabula
1259 1795 1470 1851 Amphion
1503 1798 1547 1838 et
1576 1793 1712 1837 frater

201 1872 292 1916 eius
322 1871 534 1924 loquendo
567 1875 836 1922 concertant,
877 1871 939 1913 ita
968 1871 1011 1912 in
1042 1870 1280 1923 Protagora
1312 1869 1479 1922 dialogo
1511 1868 1712 1910 Socrates

198 1946 246 1987 et
277 1943 490 1999 Sophista.
553 1942 670 1996 Quae
717 1942 954 1988 certamina
984 1943 1246 2000 Protagoras
1276 1942 1369 1997 ipse
1398 1941 1561 1996 primus
1590 1940 1713 1984 insti-

197 2016 284 2059 tuit
318 2016 487 2072 (πρῶτος
516 2048 525 2056 .
560 2048 569 2056 .
604 2048 612 2056 .
645 2017 773 2070 λόγων
812 2017 967 2070 ἀγῶνας
998 2015 1108 2057 ἔθετο
1139 2017 1260 2070 Diog.
1293 2016 1341 2057 L.
1375 2019 1414 2069 9,
1447 2014 1538 2069 52);
1572 2018 1713 2056 certa-

199 2087 305 2132 bant
334 2091 477 2132 autem
519 2092 593 2132 aut
631 2088 895 2133 orati-onibus
934 2089 1154 2144 perpetuis
1194 2091 1268 2132 aut
1298 2088 1412 2131 inter
1442 2099 1489 2130 se
1520 2085 1714 2143 rogando

199 2161 579 2215 respondendoque
611 2161 692 2216 (Pl.
724 2162 838 2205 Prot.
870 2165 952 2205 329
986 2163 1033 2205 A.
1059 2162 1123 2216 B.,
1172 2161 1348 2204 Theaet.
1386 2164 1464 2203 167
1482 2159 1567 2214 D.).
1629 2159 1714 2202 Ne-

200 2245 282 2288 que
313 2232 440 2276 aliter
470 2233 656 2290 Gorgias
688 2233 768 2290 (Pl.
796 2233 926 2291 Gorg.
960 2237 1042 2278 449
1065 2233 1147 2290 B.).
1208 2234 1418 2288 Discipuli
1448 2245 1592 2277 coram
1625 2245 1715 2275 ma-

200 2306 335 2361 gistro
358 2310 434 2349 aut
455 2319 550 2350 cum
580 2307 673 2361 ipso
692 2306 990 2368 disputabant:
1022 2308 1060 2350 is
1091 2306 1221 2351 debet
1237 2308 1349 2351 iuste
1377 2306 1713 2361 reprehendens,

199 2379 354 2423 leviter
385 2379 603 2434 corrigens
634 2381 799 2424 animos
821 2381 875 2423 ad
895 2380 1074 2424 meliora
1104 2380 1293 2436 dirigere
1316 2380 1512 2436 (Theaet.
1534 2383 1612 2423 167
1632 2379 1714 2436 E.).

202 2452 411 2496 Poterant
452 2453 691 2497 contionari
741 2454 1035 2497 declamantes
1089 2453 1170 2508 (Pl.
1211 2453 1288 2497 Th.
1332 2456 1412 2497 162
1453 2454 1717 2510 ὃημηγορεῖτε

204 2524 571 2580 συγκαθεζόμενοι),
603 2525 745 2580 aliquo
768 2539 819 2568 ex
835 2524 1125 2569 assidentibus
1148 2526 1300 2581 electo,
1318 2526 1390 2580 qui
1412 2525 1575 2570 arbiter
1597 2527 1718 2581 quasi

200 2597 370 2642 dicendi
410 2597 475 2641 rei
514 2601 739 2652 praeesset
780 2597 1007 2655 (ἐπιστάτην
1054 2597 1234 2652 ἑλέσθαι,
1295 2597 1516 2656 βραβεύτην
1558 2599 1717 2640 ἑλέσθαι

198 2673 274 2712 τῶν
307 2670 436 2724 λόγων
471 2674 554 2714 338
584 2671 665 2727 Β.).
727 2671 818 2723 Quo
853 2684 1028 2716 munere
1066 2675 1236 2723 tamen,
1279 2672 1444 2716 scilicet
1484 2676 1532 2716 ut
1576 2675 1717 2716 omnia

199 2743 312 2786 iusto
344 2742 493 2786 ordine
524 2743 759 2798 procedant
791 2743 892 2799 (319
925 2743 989 2799 G.)
1031 2743 1219 2798 ipsorum
1259 2757 1417 2789 corona
1455 2744 1717 2789 audientium

195 2814 323 2873 jungi
367 2819 513 2870 potest
553 2814 712 2872 (πάντες
751 2820 863 2873 κοινῇ
894 2816 1182 2874 ’ἐπιστατήσετε
1223 2821 1304 2862 338
1336 2816 1419 2876 Ε.)
1487 2817 1718 2874 Postquam
