1910 3154
940 132 991 170 38

209 241 293 284 Pro
324 240 472 285 liberis
503 242 724 287 orantibus
754 243 890 287 habes
920 243 1111 287 membra
1133 257 1185 288 ex
1207 257 1384 299 corpore
1405 245 1541 301 ipsius
1563 246 1729 289 orantis

214 313 299 368 (El.
334 318 428 364 333,
462 316 565 358 Hec.
598 318 701 369 836)
733 316 807 359 ubi
839 320 969 370 poeta
1000 329 1229 371 assurgens
1261 317 1487 362 artificium
1517 319 1561 361 in
1592 323 1730 362 artem

215 384 508 431 sublimiorem
538 389 761 432 convertit.

330 461 388 502 Et
416 461 492 503 illa
533 463 698 516 epilogo
739 462 993 506 adnumero:
1041 463 1153 517 quod
1194 464 1237 505 in
1278 463 1380 506 sede
1423 464 1732 509 conciliationis

216 534 391 587 propria
433 547 515 577 non
559 548 605 578 se
650 536 851 579 humilem
895 536 972 579 sed
1011 535 1314 580 iactabundam
1345 536 1498 580 Medea
1536 542 1734 591 praestat

219 605 366 659 (807):
399 606 511 659 quod
544 607 796 651 vocabulum
827 609 935 651 artis
966 608 1185 662 proprium
1214 608 1258 651 in
1286 609 1464 662 propria
1494 609 1597 652 sede
1619 610 1733 665 Aga-

218 688 386 720 memno
418 677 565 722 affert:
599 679 633 720 εἰ
666 680 987 736 διαβληθήσομαι
1029 680 1153 735 (Hec.
1187 680 1313 736 863):
1353 681 1445 723 vult
1482 681 1594 724 enim
1629 681 1735 724 invi-

219 748 333 791 diam
365 750 502 793 vitare
534 750 683 807 (Anax.
708 765 742 795 c.
769 756 835 805 37,
867 756 920 795 46
954 753 1219 809 διαβαλοῦμεν
1249 755 1317 795 καὶ
1346 753 1581 809 φθονεῖσθαι
1617 754 1737 810 ποιή-

220 837 339 877 σομεν
370 838 451 863 κκτ.
469 824 538 877 λ.).

338 894 570 939 Possumus
602 909 706 953 ergo
737 897 922 953 vestigia
952 898 1108 951 prioris
1139 897 1393 951 disciplinae
1422 898 1491 941 hic
1511 898 1611 951 illic,
1641 902 1735 941 tan-

224 979 350 1021 quam
398 967 636 1012 effodiendo
684 969 927 1013 observare.
1003 971 1133 1014 Plura
1172 974 1340 1014 restare
1384 970 1582 1025 confusa,
1629 982 1738 1026 quae

225 1040 395 1083 amissis
419 1040 593 1084 Artibus
624 1043 804 1085 inveniri
826 1048 1055 1097 nequeunt,
1087 1047 1419 1087 consentaneum
1442 1047 1520 1086 est.
1574 1042 1738 1097 Quippe

224 1112 369 1156 studia
399 1114 475 1157 illa
504 1127 582 1168 per
608 1118 747 1158 totum
778 1116 1000 1159 doctrinae
1031 1115 1224 1159 liberalis
1247 1129 1400 1171 corpus
1420 1116 1562 1160 infusa
1582 1116 1738 1159 molem

224 1189 430 1239 tanquam
461 1186 697 1240 agitabant.
772 1188 861 1231 Nec
901 1189 980 1231 soli
1012 1189 1125 1231 inter
1154 1192 1307 1241 poetas
1336 1189 1534 1242 Euripidi
1562 1188 1607 1231 id
1640 1200 1740 1231 con-

226 1257 341 1313 tigit.
402 1260 531 1302 Initia
564 1261 671 1302 artis
703 1260 816 1314 apud
848 1261 1102 1315 Aeschylum
1133 1261 1327 1303 vidimus.
1388 1260 1477 1303 Nec
1510 1260 1742 1313 Sophocles

227 1334 479 1372 ornamenta
509 1331 726 1373 rhetorica
757 1331 960 1385 neglexit,
993 1343 1234 1385 quanquam
1259 1331 1492 1384 Euripideo
1523 1343 1596 1373 ore
1626 1331 1742 1383 loqui

227 1401 454 1445 videbatur
485 1402 600 1457 (Sch.
633 1404 704 1446 Ar.
738 1404 908 1447 Thesm.
942 1404 1028 1458 21).
1107 1403 1311 1457 Euripide
1352 1401 1405 1446 ab
1444 1403 1538 1457 ipso
1579 1403 1743 1446 Aristo-

226 1475 392 1530 phanes
423 1475 592 1520 furatur
635 1476 754 1532 (frgt.
789 1478 903 1533 397).
980 1478 1037 1519 At
1068 1477 1265 1531 Agathon
1295 1476 1515 1531 Euripidis
1553 1476 1744 1519 imitator

227 1549 342 1591 idem
387 1550 594 1606 Gorgiam
636 1550 888 1594 imitabatur
931 1551 1155 1606 (πολλαχοῦ
1196 1553 1273 1591 τῶν
1314 1548 1504 1606 ἰαμβείων
1538 1547 1746 1605 Γοργιάζει

231 1621 435 1665 Philostr.
477 1623 562 1666 Vit.
595 1623 723 1678 Soph.
757 1624 885 1678 Cope.
916 1623 955 1666 J.
973 1623 1013 1667 S.
1032 1623 1077 1666 C.
1096 1624 1142 1666 P.
1172 1637 1212 1677 p.
1245 1622 1369 1679 257):
1410 1635 1487 1665 nec
1528 1622 1662 1665 solum
1701 1622 1745 1664 in

231 1695 490 1739 carminibus
523 1696 603 1753 (Pl.
638 1697 777 1751 Symp.
814 1701 894 1740 198
917 1696 984 1753 c.).
1060 1697 1319 1740 Mentionem
1350 1699 1419 1737 τοῦ
1450 1696 1598 1742 εἰκότος
1627 1694 1745 1750 facit,

232 1770 376 1812 nescio
409 1782 462 1811 an
494 1770 693 1823 irridens,
724 1783 807 1811 non
839 1770 930 1812 sine
962 1770 1194 1811 hodiernae
1225 1768 1463 1822 sapientiae
1495 1771 1597 1810 ante
1625 1780 1747 1810 occu-

232 1842 406 1896 patione
439 1843 529 1897 (Ar.
546 1842 625 1884 Rh.
645 1845 682 1894 2,
702 1841 877 1897 24‚10).
926 1842 1044 1884 Idem
1075 1842 1303 1897 παρήχησιν
1336 1844 1380 1883 et
1410 1839 1590 1882 ἀντίθετα
1620 1844 1747 1883 amat.

233 1914 352 1971 τέχνη
384 1914 506 1971 τύχην
540 1915 630 1970 (Ar.
662 1916 740 1957 Rh.
775 1918 813 1966 2,
850 1919 915 1967 19,
953 1919 1017 1969 13,
1049 1915 1149 1957 Eth.
1174 1914 1266 1957 Nic.
1295 1918 1334 1966 6,
1366 1918 1409 1966 4,-
1439 1915 1482 1968 5)
1514 1912 1641 1969 ἔργον,
1671 1911 1750 1954 πά-

236 2003 371 2043 ρεργον
403 1987 575 2044 (Athen.
611 1991 649 2040 5,
673 1991 692 2029 1
726 2000 766 2041 p.
804 1991 898 2039 185,
932 1986 983 2030 cf.
1016 1986 1079 2029 Ib.
1112 1990 1164 2028 47
1197 2000 1239 2040 p.
1271 1985 1386 2043 211).

611 2120 868 2185 Euripides
903 2124 950 2169 et
984 2119 1306 2169 Anaximenes
1318 2117 1365 2187 ¹).

354 2223 445 2265 lam
475 2223 583 2266 satis
613 2226 736 2277 patet
757 2222 1008 2276 Euripidem
1038 2234 1121 2264 non
1151 2221 1301 2275 paucis
1332 2234 1426 2264 cum
1458 2220 1651 2264 doctrina
1681 2233 1754 2264 ae-

238 2297 428 2350 qualium
467 2296 722 2338 consentire.
800 2294 918 2345 Quae
958 2297 1103 2337 tamen
1145 2307 1238 2337 cum
1280 2294 1508 2348 iniquitate
1550 2295 1756 2348 temporis

238 2370 421 2413 disiecta
451 2369 658 2423 hiansque
690 2369 769 2420 sit,
809 2380 984 2410 necesse
1017 2371 1084 2411 est
1115 2368 1170 2410 ad
1201 2367 1377 2411 lacunas
1409 2366 1641 2421 explendas
1671 2367 1756 2411 alio

239 2443 482 2487 decurrere.
558 2441 648 2485 Nec
688 2440 863 2484 dubium
895 2444 962 2483 est
992 2440 1090 2495 quin
1125 2440 1408 2483 Anaximenes
1450 2440 1592 2494 prisca
1622 2439 1758 2482 m'ulta

239 2514 459 2555 rettulerit
489 2513 792 2565 antiquitatem
823 2516 868 2554 et
898 2512 989 2565 ipse
1019 2511 1239 2565 redolens,
1272 2512 1309 2553 si
1340 2523 1435 2554 eum
1467 2523 1562 2554 cum
1592 2510 1757 2553 Aristo-

239 2586 349 2629 teles
381 2597 617 2639 comparas.
693 2584 774 2627 Hic
805 2584 942 2636 enim,
984 2583 1129 2626 multis
1161 2583 1369 2635 servatis,
1409 2583 1533 2637 plura
1564 2582 1757 2625 novavit:

338 2695 373 2739 1)
399 2696 430 2726 A
440 2704 463 2727 n
474 2703 495 2727 a
506 2703 529 2726 x
539 2692 552 2726 i
562 2703 596 2726 m
607 2702 626 2727 e
638 2702 659 2726 n
671 2702 691 2727 e
702 2702 736 2734 m
768 2689 915 2725 laudavi
951 2686 1147 2723 secundum
1178 2681 1238 2722 'ed.
1265 2685 1294 2722 Ο
1304 2699 1328 2722 x
1339 2697 1360 2722 ο
1373 2697 1407 2722 n.
1437 2689 1528 2723 1837
1564 2688 1676 2734 (inter
1701 2698 1761 2734 op.

240 2757 395 2792 Aristot.
423 2756 451 2790 B
461 2766 479 2790 e
490 2755 515 2790 k
523 2755 548 2789 k
558 2765 577 2790 e
590 2755 645 2800 r),
671 2758 823 2798 propter
850 2752 1009 2796 capitum
1036 2750 1213 2785 minorum
1238 2749 1508 2785 distinctionem
1523 2763 1531 2785 :
1559 2750 1582 2786 S
1593 2761 1616 2796 p
1628 2761 1647 2786 e
1656 2761 1680 2786 n
1689 2761 1712 2796 g
1720 2751 1761 2786 el

244 2823 260 2854 1
288 2834 330 2849 =
358 2818 387 2854 Ο
401 2829 497 2853 xon.
514 2820 546 2861 2,
573 2816 781 2861 Spengel
807 2816 853 2850 38
880 2829 922 2843 =
950 2812 1090 2848 Oxou.
1117 2813 1175 2847 39.
1225 2811 1323 2846 Idem
1349 2810 1390 2847 fit
1415 2812 1453 2847 in
1473 2813 1673 2849 Aristotele
1687 2813 1763 2848 lau-

239 2881 371 2920 dando.
