1910 3154
927 85 980 124 64

187 202 259 256 qui
288 205 435 245 tamen
471 213 518 242 se
549 200 674 254 culpa
715 211 871 241 vacare
915 198 1147 240 contendit.
1213 198 1450 240 Accusator
1480 206 1586 251 ergo
1624 194 1718 238 iure

187 273 349 317 factum
379 275 530 326 negat:
564 270 619 314 ad
650 283 721 313 res
744 270 832 313 iam
863 269 1077 312 iudicatas
1108 268 1300 323 appellat
1317 267 1434 324 (18):
1468 268 1521 311 de
1552 265 1719 321 legibus

187 345 383 398 disputat
414 343 521 397 (19).
585 342 630 384 si
660 354 775 395 reus,
808 342 985 384 crimine
1015 353 1099 382 non
1131 341 1323 393 depulso,
1356 340 1522 382 veniam
1552 338 1719 380 miseri-

188 415 464 469 cordiamque
504 414 721 468 petiturus
765 417 854 468 est,
904 416 1131 456 accusator
1169 413 1233 455 rei
1271 411 1546 455 atrocitatem
1577 412 1719 464 auget,

188 488 362 531 diversa
392 489 523 542 urget
554 487 609 541 (c.
645 489 698 528 37
732 486 754 540 ξ
791 489 842 527 18
875 497 967 538 sqq.
1001 485 1023 539 ξ
1056 488 1141 537 24).

302 560 420 602 Reus
451 559 513 601 ita
546 558 705 611 optime
737 570 783 600 se
819 556 1045 608 defendet,
1088 556 1124 599 si
1166 557 1391 599 convincat
1422 567 1469 598 se
1500 554 1638 608 magis
1670 565 1721 595 ex

187 631 281 673 iure
314 629 477 685 egerit:
521 628 635 683 quod
667 628 704 670 si
735 628 875 670 minus
906 631 1072 681 potest,
1116 627 1170 669 ad
1202 627 1543 670 misericordiam
1574 625 1719 668 confu-

188 702 395 758 giendum
426 705 493 744 est
526 701 567 755 (ἓ
604 702 809 754 30-32).

307 772 560 826 Exemplum
591 770 727 814 habes
757 772 801 813 in
824 771 982 813 Oresta
1013 771 1180 813 fabula:
1214 771 1438 825 Tyndarus
1470 773 1514 812 et
1543 769 1721 812 Orestes

189 846 241 889 de
272 858 377 888 nece
410 845 727 898 Clytemestrae
760 846 943 886 certant.

303 918 428 960 Prior
474 916 613 959 oratio
654 929 679 959 a
722 914 877 958 finibus
923 914 1166 969 Aequitatis
1219 918 1264 957 et
1310 914 1513 968 Legitimi
1563 913 1722 967 pendet

188 991 414 1045 (494—5).
475 989 525 1031 Id
570 1001 621 1031 ex
662 992 756 1030 arte
787 987 839 1030 fit
882 987 969 1042 (37,
1005 991 1057 1029 18
1088 993 1135 1042 τῇ
1167 986 1413 1041 δικαιολογία
1445 1019 1452 1027 .
1489 1018 1497 1026 .
1533 1018 1541 1026 .
1577 1019 1584 1027 .
1618 1002 1723 1041 χρη-

189 1063 299 1106 στέον
333 1096 340 1105 .
376 1096 383 1104 .
421 1095 428 1103 .
465 1094 472 1103 .
506 1061 528 1115 ξ
565 1060 650 1115 16).
713 1060 819 1102 Inde
867 1060 1027 1102 crimen
1074 1063 1205 1113 auget
1249 1060 1464 1113 (507—11
1502 1077 1556 1092 =
1588 1059 1720 1100 Anax.

190 1146 224 1175 c.
245 1138 267 1175 5
303 1135 386 1187 §4
452 1131 650 1175 Cornifie.
687 1135 725 1182 2,
761 1135 828 1182 30,
861 1135 916 1173 48
948 1132 1068 1174 locus
1098 1132 1287 1184 tertius).
1348 1131 1557 1183 Exempla
1587 1130 1721 1183 addit,

189 1218 299 1259 quae
331 1218 382 1248 ex
412 1204 600 1258 antiquis
635 1202 898 1257 temporibus
931 1203 1129 1246 desumta
1161 1206 1281 1246 sunt:
1323 1200 1389 1243 διὰ
1418 1205 1495 1243 τῶν
1527 1202 1722 1258 πρό-(εγε-

187 1277 369 1333 νημένων
412 1276 591 1332 πράξεων
636 1277 731 1330 (An.
777 1290 809 1318 c.
846 1280 870 1317 9
903 1277 925 1330 ξ
962 1276 1046 1330 12).
1108 1276 1212 1317 Inde
1254 1276 1576 1326 miserationem
1610 1276 1721 1318 'ante

190 1353 374 1404 occupat
406 1349 501 1406 (An.
531 1362 565 1392 c.
600 1353 652 1392 37
687 1348 735 1404 ἐξ
761 1351 828 1400 23,
864 1347 948 1403 24).
1010 1347 1241 1401 Euripides
1271 1348 1403 1395 καλῶς
1435 1346 1567 1389 ἔθεντο
1598 1346 1724 1405 (512)

190 1442 245 1458 =
278 1423 562 1465 Anaximenes
604 1420 645 1477 (ξ
681 1416 751 1477 18)
791 1421 936 1475 νόμους
978 1454 985 1462 .
1022 1454 1030 1462 .
1065 1453 1074 1462 .
1109 1454 1117 1462 .
1150 1419 1297 1467 καλοὺς
1342 1419 1408 1461 καὶ
1450 1421 1723 1476 συμφέροντας

189 1499 243 1551 τῷ
276 1500 408 1551 κοινῷ.
471 1493 703 1548 Euripides
750 1493 873 1548 (524)
914 1491 957 1533 τὸ
1002 1493 1195 1548 θηριῶδες
1229 1525 1237 1533 .
1270 1495 1385 1534 τοῦτο
1415 1491 1481 1533 καὶ
1515 1492 1722 1548 μιαιφόνον

190 1587 244 1603 =
279 1567 473 1609 Anaxim.
509 1567 531 1621 ξ
564 1569 619 1608 24
649 1565 964 1620 κακοηθέστερον
996 1565 1057 1621 ἦν.

306 1639 486 1682 Orestes
517 1639 786 1692 respondens
831 1638 1055 1681 contendit
1087 1649 1133 1680 se
1165 1638 1257 1680 iure
1282 1637 1445 1681 fecisse
1478 1639 1620 1692 (547):
1668 1638 1723 1681 ad

191 1711 304 1764 quod
335 1710 604 1765 probandum
629 1711 767 1753 utitur
799 1713 1056 1765 argumento
1086 1710 1172 1752 iam
1203 1709 1256 1752 ab
1290 1710 1499 1764 Aeschylo
1531 1710 1724 1754 adhibito

190 1783 332 1837 (Eum.
380 1783 496 1836 663).
580 1782 640 1824 Ut
684 1782 810 1824 decet
862 1782 998 1836 igitur
1053 1781 1191 1834 primo
1248 1782 1342 1824 loco
1392 1783 1514 1835 ponit
1570 1783 1724 1837 Aequi-

188 1858 326 1898 tatem
370 1855 513 1908 (post,
560 1854 700 1907 Leges
734 1857 785 1896 57
796 1855 863 1908 1):
910 1857 959 1896 ut
1004 1853 1143 1896 diluat
1184 1853 1373 1908 Tyndari
1425 1840 1726 1910 argumentum

192 1915 287 1983 (An.
322 1931 374 1970 37
408 1927 431 1981 ξ
465 1930 519 1969 30
563 1925 607 1968 ἂν
642 1927 677 1967 δ’
723 1927 983 1981 ὁμολογῶμεν
1018 1960 1026 1968 .
1063 1960 1070 1969 .
1106 1960 1114 1969 .
1151 1960 1158 1968 .
1194 1926 1420 1982 δικαιότερα
1460 1925 1509 1968 τὰ
1551 1927 1726 1985 ἡμέτερα

190 1997 471 2040 ἀποδεικνύναι
501 1996 812 2053 πειράσομαθα).
875 1999 1121 2040 Proximum
1167 2003 1288 2041 tenet
1319 2000 1459 2041 locum
1491 2000 1670 2042 Utilitas
1702 2013 1727 2043 a

191 2071 392 2126 Tyndaro
425 2071 673 2126 neglectum
705 2071 874 2127 (ὠφελῶ
899 2072 1015 2126 565).
1079 2073 1220 2126 Auget
1251 2074 1295 2114 et
1326 2071 1418 2125 ipse
1449 2072 1602 2115 matris
1634 2084 1727 2116 sce-

189 2144 257 2187 lus
290 2143 393 2198 (572
427 2145 524 2196 sq.).
598 2142 810 2196 Exempla
852 2143 1071 2185 contraria
1109 2143 1235 2185 affert
1273 2144 1327 2196 (c.
1363 2147 1414 2185 37
1455 2144 1477 2197 ξ
1511 2144 1599 2198 29).
1661 2147 1727 2188 Ad

188 2214 533 2259 misericordiam
564 2227 647 2257 non
680 2214 888 2270 confugit.
950 2214 1047 2270 ἦθος
1078 2215 1220 2270 magis
1245 2227 1373 2268 quam
1405 2214 1586 2260 affectus
1615 2216 1728 2261 inest

188 2287 235 2330 in
270 2285 414 2329 verbis
447 2285 518 2326 οὐκ
551 2285 800 2342 εὐδαιμόνως
831 2287 966 2342 (601).

306 2359 435 2402 Aliud
453 2359 693 2414 exemplum
709 2360 835 2404 huius
852 2360 1026 2416 generis
1048 2359 1132 2403 iam
1150 2371 1281 2413 supra
1294 2360 1479 2404 tractavi
1496 2361 1556 2416 (p.
1570 2362 1727 2418 lssq.)

188 2428 302 2470 Illud
332 2429 402 2470 vix
434 2432 503 2470 est
534 2429 841 2471 nominandum
869 2430 1071 2472 iudiciale
1105 2429 1321 2484 (δικανικόν
1346 2431 1478 2473 Anax.
1497 2443 1531 2473 c.
1556 2435 1581 2473 2
1614 2445 1649 2475 c.
1670 2433 1728 2488 5).

189 2501 433 2554 Praecepta
466 2506 624 2555 tamen,
658 2501 695 2543 si
728 2500 830 2555 quid
862 2501 994 2556 aliud,
1028 2500 1238 2555 sequitur.

306 2573 452 2615 Pauca
493 2572 547 2614 de
590 2574 734 2626 specie
784 2574 1036 2627 exquirendi
1079 2573 1280 2616 addenda
1321 2578 1433 2616 sunt.
1495 2574 1655 2618 Inhoc
1686 2576 1730 2619 id

192 2645 337 2700 agitur
367 2649 416 2688 ut
449 2645 710 2689 ostendatur
753 2651 830 2690 aut
871 2659 942 2690 res
987 2650 1063 2690 aut
1093 2646 1220 2690 homo
1251 2647 1291 2689 ei
1324 2646 1436 2700 quod
1466 2651 1631 2691 rectum
1664 2652 1733 2692 est

189 2730 273 2759 non
306 2717 547 2759 convenire.
610 2718 697 2760 Res
740 2723 816 2761 aut
857 2719 996 2761 oratio
1039 2723 1115 2761 aut
1157 2719 1225 2760 lex
1271 2719 1458 2761 civitatis
1506 2721 1730 2774 aequitati,

189 2788 397 2843 utilitati,
442 2786 656 2832 similibus
710 2789 793 2833 non
844 2790 1055 2833 convenit.
1119 2789 1263 2832 Mores
1309 2788 1493 2833 hominis
1545 2794 1621 2833 aut
1664 2791 1732 2836 his
