1910 3154
871 100 922 139 59

259 214 351 267 Ego
382 213 515 255 multa
542 214 584 255 in
615 213 694 255 hoc
711 226 855 267 ,genus
886 211 1100 263 congessi,
1134 223 1241 264 quae
1276 210 1319 252 in
1352 210 1468 253 aliud
1502 224 1670 265 quoque

145 283 304 326 ascribi
335 288 523 337 possent.

262 355 382 406 Quod
414 357 653 410 exemplum
684 355 837 408 affero,
881 355 925 397 id
968 356 1049 397 iam
1089 356 1201 408 apud
1244 356 1442 408 antiquos
1474 355 1669 398 concele-

144 426 314 470 bratum
348 432 426 479 est,
459 441 535 470 nec
565 428 786 483 indignum
818 428 989 470 videtur
1030 427 1142 481 quod
1173 427 1227 470 ad
1259 431 1494 481 praecepta
1523 427 1669 471 rheto-

144 498 236 541 rica
267 500 462 552 exigatur
493 500 575 553 (De
606 512 653 541 re
684 500 780 541 vide
813 500 972 542 Comm.
1006 499 1059 540 ad
1092 499 1317 551 Supplices
1350 502 1466 551 857).

262 569 541 613 Occasionem
581 571 731 613 orandi
774 569 957 624 praebet
1004 570 1196 612 Theseus
1227 571 1352 612 nimis
1399 575 1549 623 aperte
1595 571 1669 612 ille

146 641 317 695 quidem
347 642 635 683 narrationem
683 641 926 693 efflagitans
967 653 1049 693 quo
1096 641 1224 683 animi
1256 641 1469 684 iuniorum
1501 642 1555 684 ad
1584 641 1668 683 vir-

146 717 284 755 tutem
315 714 604 756 accendantur
623 712 757 768 (842).
817 713 922 754 Inde
945 712 1185 755 funebrium
1208 713 1402 766 exemplo
1424 713 1668 755 contionum

145 781 277 823 verba
308 782 412 823 facit
445 783 669 824 Adrastus.
732 782 823 824 Hoc
864 794 963 822 vere
994 781 1297 833 Euripideum:
1343 794 1421 824 nec
1452 782 1557 823 illud
1591 782 1668 823 mi-

145 865 237 905 nUS,
271 853 382 907 quod
416 852 665 896 vocabulum
697 853 805 895 artis
827 852 1047 905 proprium
1079 851 1330 894 adhibetur:
1362 851 1519 893 ἔπαινον
1545 853 1667 906 (858)

146 926 227 981 (Pl.
258 926 442 969 Phaedr.
477 929 561 969 260
593 926 637 968 C.
700 927 770 967 Ar.
805 925 884 967 Rh.
922 928 966 975 l,
1001 928 1038 974 9,
1075 927 1126 967 33
1160 922 1317 970 ἔπαινος
1348 924 1465 978 λόγος
1497 924 1668 980 ἐμφανί-

147 999 224 1044 ζων
259 997 422 1052 μέγεθος
454 997 628 1052 ἀρετῆς).

260 1070 317 1111 Et
347 1070 611 1122 prooemium
642 1069 812 1122 quidem
846 1081 897 1111 ex
928 1068 1121 1110 oratione
1153 1068 1309 1110 Thesei
1338 1068 1597 1121 petendum:
1631 1069 1668 1112 is

147 1140 258 1183 enim
290 1142 374 1183 ita:
415 1141 532 1181 πόθεν
571 1138 655 1180 ποθ’
702 1139 785 1180 οἵδε
825 1141 1052 1195 διαπρεπεῖς
1092 1139 1265 1195 εὐψυχία
1307 1140 1456 1194 θνητῶν
1490 1139 1667 1195 ἔφυσαν;

145 1211 369 1279 (Sal—2).
432 1213 596 1254 Causas
627 1213 861 1264 quaerendi
893 1213 1038 1254 addit:
1071 1210 1173 1252 εἶδον
1206 1210 1281 1266 γὰρ
1314 1211 1442 1252 αὐτῶν
1474 1210 1663 1266 κρείσσον’

146 1287 172 1339 ἢ
208 1284 315 1331 λέξαι
346 1285 453 1341 λόγῳ
484 1282 724 1339 τολμήμαθ’,
759 1282 815 1332 οἷς
846 1284 1011 1340 ἤλπιζον
1039 1284 1213 1340 αἰρήσειν
1246 1284 1368 1325 πόλιν.
1432 1283 1501 1327 Sic
1533 1284 1669 1327 victos

146 1363 324 1400 excusat
356 1356 442 1411 (τὰς
475 1355 667 1412 διαβολὰς
699 1356 922 1412 ἀπολύομεν
955 1359 1088 1399 Anax.
1124 1360 1175 1399 36
1209 1359 1231 1411 ξ
1267 1359 1321 1411 1).

260 1428 405 1472 Verba
447 1429 601 1472 Thesei
645 1429 916 1471 mirationem
965 1433 1157 1472 movent:
1217 1441 1287 1472 res
1329 1433 1477 1483 gestae
1521 1432 1669 1471 tantae

147 1504 272 1542 erant
302 1504 349 1542 ut
381 1501 487 1542 nihil
518 1513 649 1553 supra
692 1505 861 1553 posset:
907 1503 1038 1542 Anax,
1072 1502 1094 1555 ξ
1126 1505 1149 1542 2
1183 1500 1245 1541 ἐπὶ
1276 1500 1319 1541 τὸ
1351 1501 1558 1556 προσέχειν
1590 1516 1669 1541 πα-

147 1573 393 1626 ρακαλοῦμεν
428 1605 435 1614 .
469 1604 478 1612 .
512 1605 520 1612 .
554 1573 597 1613 ἐκ
629 1575 697 1613 τοῦ
729 1571 936 1627 θαυμαστὰ
966 1571 1032 1613 καὶ
1063 1577 1259 1629 περιφανῆ
1293 1572 1456 1629 φάσκειν
1498 1571 1563 1613 καὶ
1596 1572 1670 1613 αὐ-

145 1642 209 1684 τὸν
239 1642 307 1684 ἴσα
337 1644 402 1686 καὶ
435 1643 523 1691 τοὺς
555 1644 926 1699 ἐγκωμιαζομένους
960 1677 967 1684 .
1002 1678 1010 1685 .
1047 1677 1054 1685 .
1089 1645 1321 1700 ἀποφαίνειν
1354 1646 1616 1700 πεπραγότας.

262 1717 473 1759 Adrastus
502 1717 662 1759 amicus
693 1721 760 1759 est
791 1729 936 1759 eorum
967 1729 1072 1770 quos
1103 1717 1277 1760 laudat:
1326 1718 1471 1771 itaque
1503 1717 1670 1759 audito-

143 1800 234 1830 rem
266 1792 482 1831 attentum
512 1787 618 1831 facit
649 1786 734 1842 (διὰ
766 1788 898 1844 φιλίαν
932 1801 966 1831 c.
992 1792 1043 1831 37
1078 1790 1099 1843 ξ
1127 1789 1210 1845 10).
1273 1788 1417 1831 Verba
1449 1790 1540 1831 eius
1572 1793 1671 1832 sunt

145 1861 275 1915 ἀληθῆ
307 1859 373 1901 καὶ
404 1860 537 1901 δίκαια
569 1874 602 1902 c.
627 1864 693 1911 30,
726 1861 747 1914 ξ
776 1866 798 1903 3
830 1861 1077 1916 προσέχομεν
1112 1892 1121 1901 .
1155 1894 1163 1902 .
1200 1894 1208 1902 .
1243 1861 1333 1902 ὅταν
1369 1896 1376 1903 .
1414 1895 1422 1903 .
1456 1893 1465 1902 .
1501 1860 1670 1917 φάσκω-

146 1947 202 1973 σιν
236 1966 243 1974 .
276 1965 284 1973 .
318 1965 326 1972 .
362 1933 397 1973 οἱ
428 1932 607 1986 λέγοντες
638 1934 693 1978 ὡς
740 1932 872 1973 δίκαια
902 1931 967 1973 καὶ
1001 1965 1009 1973 .
1045 1965 1052 1972 .
1087 1966 1094 1973 .
1131 1932 1298 1988 ἀληθινὰ
1330 1934 1565 1979 ἐπιδείξουσι
1597 1934 1668 1988 (Cf.

146 2017 180 2046 c.
221 2008 287 2057 36,
320 2005 342 2058 ξ
376 2007 399 2045 2
433 2004 477 2044 ἐκ
511 2007 584 2044 τῶν
618 2005 655 2045 ἐν
687 2005 770 2050 ταῖς
804 2005 1067 2060 δημηγορίαις
1099 2006 1349 2061 εἰρημένων).

261 2075 485 2128 Capaneus
505 2075 843 2129 (861—71)fuit
874 2076 1005 2128 dives,
1037 2077 1152 2119 idem
1183 2081 1326 2119 tamen
1357 2079 1546 2131 prudens
1578 2079 1670 2133 (με’-

145 2162 232 2201 τρια
262 2147 433 2200 ἐξαρκεῖν
468 2145 580 2201 ἔφη),
613 2151 657 2188 et
688 2146 860 2198 probus.
923 2149 1000 2189 An.
1035 2149 1100 2201 §3
1134 2147 1232 2202 μετὰ
1262 2148 1304 2190 τὸ
1337 2150 1539 2204 προοίμιον
1573 2182 1581 2191 .
1617 2184 1624 2191 .
1658 2184 1666 2191 .

146 2218 369 2273 διελόμενον
387 2215 435 2257 τὰ
449 2215 527 2269 ἔξω
548 2221 618 2272 τῆς
646 2217 787 2272 ἀρετῆς
817 2234 851 2258 κ.
866 2234 896 2258 τ.
910 2220 944 2259 λ.
977 2220 1143 2260 πλοῦτον
1176 2252 1184 2260 .
1222 2252 1229 2260 .
1266 2253 1273 2260 .
1307 2221 1449 2276 σοφίαν
1484 2254 1667 2262 .....

144 2288 408 2344 δικαιοσύνην.

258 2362 481 2404 Eteocles:
515 2364 756 2404 871--880.

208 2438 242 2475 1.
302 2433 457 2479 νεανίας
490 2465 497 2473 .
533 2465 540 2473 .
576 2466 583 2473 .
618 2432 801 2479 πλείστας
833 2432 957 2487 τιμάς.

262 2507 337 2547 An.
372 2507 394 2560 ς’
429 2509 477 2547 11
522 2503 584 2545 ἐπὶ
622 2509 670 2560 τῇ
711 2508 780 2545 τοῦ
810 2505 1016 2546 νεανίσκου
1060 2506 1195 2560 ἡλικίᾳ
1227 2505 1353 2551 αὔξειν
1387 2540 1394 2546 .
1431 2540 1438 2547 .
1475 2540 1482 2547 .
1518 2508 1668 2553 διεξιὼν

148 2578 206 2619 ὅτι
240 2610 248 2618 .
283 2610 290 2618 .
326 2610 334 2618 .
367 2575 410 2618 τὸ
442 2575 508 2618 καὶ
540 2575 583 2618 τὸ
615 2576 772 2631 γέγονεν
805 2575 957 2623 ἔνδοξον
992 2610 999 2617 .
1035 2610 1042 2617 .
1080 2611 1086 2619 .
1121 2575 1186 2617 διὰ
1215 2576 1366 2618 τούτου.

204 2653 241 2691 2.
301 2648 447 2704 χρυσὸν
478 2681 487 2689 .
522 2684 530 2691 .
565 2682 572 2689 .
617 2649 687 2689 οὐκ
730 2649 936 2695 εἰσεδέξατ’
977 2683 985 2690 .
1019 2683 1027 2690 .
1064 2683 1071 2690 .
1107 2652 1209 2691 ὥστε
1250 2650 1339 2697 τοὺς
1372 2653 1537 2706 τρόπους
1571 2685 1578 2692 .
1614 2686 1621 2693 .
1658 2686 1665 2694 .

261 2722 338 2765 An.
371 2722 394 2777 ἓ
431 2725 476 2764 11
513 2719 665 2768 ἔνδοξον
699 2755 707 2763 .
743 2755 750 2762 .
786 2754 794 2763 .
829 2724 897 2763 τοῦ
928 2721 1241 2778 ἐπιτηδεύματος
1274 2757 1282 2765 .
1319 2756 1325 2763 .
1362 2755 1369 2763 .
1405 2723 1532 2764 ἕνεκα.

261 2793 559 2847 Hippomedon
592 2797 789 2836 881—87
798 2827 805 2835 .
