1910 3154
939 74 992 113 10

200 197 310 236 nem,
342 186 385 227 in
417 186 510 228 loco
541 189 696 229 vexato
727 187 781 240 (c.
816 190 882 238 33,
919 185 960 242 1)
992 186 1227 229 invenimus
1261 187 1485 243 βεβαίωσις,
1520 185 1724 242 ἐπιβεβαι-

200 259 318 305 ώσεις
350 271 530 312 quorum
562 263 790 313 utrumque
822 263 997 303 tuentur
1028 259 1209 302 codices.

315 332 440 374 Prius
483 330 615 374 habet
659 332 933 386 Spengelius,
975 333 1190 385 posterius
1221 332 1441 375 Bekkerus
1486 332 1569 385 (ed.
1602 343 1722 374 oxon.

203 406 346 456 1837).
409 404 492 447 Pro
527 405 754 458 Spengelio
786 405 891 447 facit
922 417 1024 447 usus
1056 405 1328 447 Anaximenis
1359 406 1402 447 in
1434 404 1722 459 sequentibus.

198 476 247 518 In
280 476 421 530 capite
456 480 507 519 37
543 477 582 532 (ξ
613 481 665 520 14
687 478 798 532 sqq.)
831 476 964 520 habes
998 477 1194 533 βεβαιοῦν,
1230 477 1517 533 βεβαιώσομεν,
1550 477 1724 535 βεβαίω-

199 565 271 595 σις.
333 550 418 592 Par
449 550 619 593 videtur
650 554 843 594 statuere
866 551 971 593 haec
997 550 1111 593 idem
1134 550 1374 603 significare
1406 551 1518 605 quod
1549 554 1721 605 πιστοῦν,

198 621 401 669 πίστωσις.
463 623 555 666 Iam
586 623 624 666 si
649 623 907 675 consideras,
940 626 1062 677 patet
1082 622 1258 666 rhetora
1280 622 1455 667 verbum
1478 623 1724 667 adhibuisse

202 693 254 734 de
287 693 544 746 probatione
572 693 798 736 artificiali.
832 707 915 747 qua
935 693 1160 736 firmantur
1180 693 1467 736 inartificialia
1489 695 1564 737 illa
1597 694 1724 749 (§15)

199 766 357 821 πρώτας
397 764 467 813 τὰς
511 766 724 822 μαρτυρίας
759 800 765 806 .
802 800 809 807 .
845 799 852 806 .
889 799 898 807 .
942 765 1076 807 ἔπειτα
1121 767 1304 822 βεβαιοῦν
1348 768 1524 822 γνώμαις
1555 784 1590 808 κ.
1622 784 1653 808 τ.
1687 769 1722 808 λ.

199 840 509 882 Consociantur
549 840 799 893 saepissime
839 839 971 882 verba
1008 839 1132 886 πίστις
1164 843 1206 882 et
1240 839 1398 895 βέβαιος
1438 840 1480 881 in
1512 853 1591 883 usu
1623 853 1724 894 quo-

199 912 375 953 tidiano.
438 912 544 954 Inde
576 913 709 954 traxit
740 911 991 954 vocabulum
1023 924 1143 954 suum
1169 913 1462 963 Anaximenes,
1494 912 1578 954 iam
1612 913 1722 965 apud

200 984 493 1038 Thucydidem
527 984 708 1034 obvium,
743 988 786 1027 et
818 984 988 1038 quidem
1021 984 1267 1026 Theodores
1298 985 1359 1026 illi
1390 984 1609 1038 praetulit.

315 1058 442 1100 Aliud
489 1058 618 1100 etiam
660 1062 860 1100 novatum
903 1057 1038 1100 habes
1083 1057 1192 1111 quod
1225 1050 1472 1100 Aristotelis
1514 1057 1641 1100 affert
1682 1062 1725 1101 et

199 1130 359 1182 culpat.
424 1130 583 1183 Culpat
615 1135 759 1172 autem
776 1130 886 1183 quod
907 1142 990 1171 non
1012 1130 1069 1172 sit
1088 1130 1377 1172 necessarium
1409 1130 1505 1183 (Rh.
1524 1134 1561 1183 3,
1585 1134 1648 1181 13,
1669 1132 1723 1183 5).

199 1201 444 1256 Licymnius
477 1202 588 1243 enim
619 1202 663 1243 in
696 1203 799 1243 Arte
832 1214 921 1255 sua,
954 1202 1070 1244 nulla
1102 1202 1165 1244 rei
1197 1202 1470 1244 distinctione
1501 1201 1630 1254 facta,
1662 1203 1724 1244 in-

200 1274 318 1317 ducit
349 1272 583 1329 ὲπούρωσιν,
627 1272 911 1329 ἀποπλάνησιν,
958 1273 1084 1320 ὄζους.
1149 1275 1212 1316 De
1257 1275 1354 1317 aliis
1398 1274 1534 1317 infra:
1575 1288 1654 1328 pro
1685 1273 1724 1316 ὲ-

198 1346 397 1402 πούρωσιν
443 1347 613 1389 codices
657 1345 876 1402 ὲπόρουσιν,
927 1344 1131 1402 ἑπέρωσιν.
1211 1347 1343 1390 Vides
1390 1347 1723 1391 dubitationem:

199 1420 275 1463 alii
305 1420 434 1462 aliter
465 1421 808 1473 interpretantur
839 1420 1058 1476 (Spengel.
1092 1422 1139 1462 A.
1173 1420 1214 1463 S.
1245 1433 1285 1473 p.
1319 1423 1396 1474 89,
1443 1420 1577 1474 Cope,
1610 1420 1651 1468 J.
1683 1420 1729 1464 of

199 1492 351 1535 sacred
384 1492 469 1535 and
501 1492 700 1536 Classical
732 1492 958 1548 Philology
990 1492 1067 1535 No.
1108 1496 1145 1535 9.
1177 1505 1217 1545 p.
1252 1493 1348 1544 225,
1382 1492 1457 1535 Ar.
1490 1493 1614 1536 Rhet.
1646 1494 1724 1536 l.c.

199 1566 265 1608 ed.
300 1565 447 1621 Cope).
509 1565 613 1607 Mihi
645 1565 815 1619 quidem
847 1566 1016 1608 videtur
1046 1565 1338 1618 reponendum
1366 1562 1598 1620 ἑπίρρωσιν,
1629 1580 1723 1609 ver-

199 1637 301 1681 bum
333 1637 509 1680 serioris
544 1637 714 1691 quidem
748 1638 856 1691 aevi,
889 1638 966 1680 sed
999 1637 1111 1691 quod
1142 1637 1298 1679 similia
1329 1641 1515 1680 tuentur.
1572 1639 1725 1692 Aptius

199 1710 304 1753 illud
336 1710 390 1752 ad
424 1710 684 1753 hortandum
717 1723 845 1764 quam
877 1709 1209 1752 confirmandum
1239 1715 1411 1763 poetam
1444 1710 1724 1765 dithyrambi-

199 1796 291 1826 cum
324 1783 450 1837 sapit.

706 1897 782 1947 De
815 1898 1209 1963 Amplificatione.

312 2007 361 2049 In
394 2006 733 2049 demonstrativo
751 2019 907 2060 genere
927 2008 1112 2049 maxima
1133 2019 1236 2059 pars
1267 2005 1532 2060 probationis
1562 2006 1605 2048 in
1637 2018 1725 2048 am-

197 2079 459 2134 plificatione
506 2079 749 2122 continetur
794 2080 885 2133 (Ar.
918 2079 995 2122 Rh.
1032 2082 1070 2132 3,
1097 2083 1161 2133 17,
1184 2079 1240 2135 3).
1311 2078 1573 2132 Quamquam
1615 2079 1727 2122 Lon-

196 2153 323 2209 ginus
354 2154 416 2195 ita
448 2152 702 2206 distinguit:
749 2151 938 2207 „mistum
982 2153 1066 2194 vim
1103 2152 1230 2198 'addit
1272 2157 1521 2205 argumento
1552 2156 1599 2195 ut
1631 2165 1726 2195 sen-

194 2227 357 2275 tiatur3
404 2225 530 2272 πίστις
563 2231 705 2268 autem
738 2239 827 2268 rem
860 2226 1129 2269 demonstrat
1160 2224 1374 2275 docendo,
1418 2229 1465 2268 ut
1496 2225 1723 2269 credatur“

196 2300 292 2354 (12,
339 2298 473 2341 verba
517 2302 616 2341 sunt
657 2299 832 2340 Ernesti
871 2299 972 2340 Lex.
1018 2298 1098 2340 Rh.
1133 2311 1165 2339 s.
1209 2311 1245 2339 v.
1291 2295 1487 2352 αὔξησις).
1548 2297 1726 2353 Αὖξήσει

196 2373 415 2415 contraria
457 2376 524 2414 est
564 2371 799 2417 ταπείνωσις
839 2372 991 2425 (Anax.
1025 2375 1064 2413 4.
1098 2372 1119 2423 ,ξ
1157 2372 1240 2424 11).
1301 2370 1406 2412 Rem
1449 2371 1568 2413 vides
1614 2371 1726 2426 apud

194 2445 422 2488 Platonem
460 2444 513 2487 de
544 2447 638 2487 arte
674 2445 817 2487 Tisiae
852 2447 896 2485 et
929 2443 1140 2497 Gorgiae:
1188 2441 1235 2483 τὰ
1280 2441 1424 2498 σμικρὰ
1466 2442 1620 2498 μεγάλα
1660 2443 1726 2485 καὶ

192 2516 240 2560 τὰ
283 2516 438 2574 μεγάλα
480 2516 626 2574 σμικρὰ
669 2517 879 2574 φαίνεσθαι
909 2518 1078 2558 ποιοῦσα
1110 2513 1174 2557 διὰ
1205 2515 1340 2572 ῥώμην
1371 2516 1491 2571 λόγου
1523 2516 1724 2568 (Phaedr.

194 2592 221 2634 l.
255 2591 311 2645 c.)
372 2591 467 2633 Huc
500 2591 664 2633 referre
697 2591 798 2633 licet
829 2590 1007 2632 delicias
1037 2589 1185 2643 Eveni,
1217 2588 1502 2644 παρεπαίνους,
1545 2590 1726 2647 παραψά-

194 2679 299 2718 γους,
336 2663 604 2719 ὑποδήλωσιν.
665 2664 731 2706 De
764 2662 917 2717 quibus
961 2663 1068 2705 haec
1110 2662 1336 2705 Hermias:
1389 2663 1652 2719 παρεπαίνους
1683 2662 1727 2705 δὲ

194 2737 302 2791 λέγει
330 2735 395 2779 ἵνα
428 2737 481 2793 μὴ
516 2736 695 2793 ἄντικρυς
727 2735 902 2786 ἐπαινεῖ,
952 2736 1062 2777 δοκεῖ
1092 2733 1135 2776 δὲ
1165 2733 1358 2790 ἐπαινεῖν,
1406 2736 1553 2792 ὁμοίως
1587 2735 1630 2778 δὲ
1660 2735 1725 2778 καὶ

193 2810 326 2868 ψέγειν
369 2812 426 2866 (p.
464 2811 584 2866 191);
643 2823 769 2864 quem
822 2809 885 2853 ita
934 2809 1246 2863 interpretatur
1286 2808 1568 2867 Spengelius:
1631 2813 1727 2866 „est
