1910 3154
932 81 1006 120 24·

196 198 293 238 erat
334 194 479 249 (natus
516 197 626 246 480,
674 194 798 249 Frei‚
841 193 1063 250 Vitringa:
1097 197 1195 249 490,
1229 194 1408 238 Schanz.
1461 195 1526 239 De
1566 197 1713 240 aetate

195 266 288 311 eius
319 266 482 321 optime
509 265 722 321 Sauppius
753 267 815 310 Pl.
849 267 966 310 Prot.
998 280 1038 321 p.
1074 270 1113 322 5,
1146 267 1205 322 6).
1277 267 1321 311 Is
1354 267 1560 323 Euripide
1590 266 1713 320 fami-

193 337 424 382 liarissime
448 349 552 381 usus
583 341 663 390 est,
696 338 811 392 apud
834 350 959 392 quem
982 337 1252 382 auditoribus
1282 337 1580 395 praelegebat,
1611 350 1713 393 quo-

195 423 288 453 rum
334 402 596 453 innumero
634 414 809 464 poetam
864 409 1120 464 discipulum
1159 409 1348 454 habebat
1388 411 1558 467 (ἀνέγνω
1599 411 1637 453 ἐν
1668 412 1716 468 τῇ

197 481 414 539 Εὐριπίδου
450 482 555 539 οἰκίᾳ
586 483 710 537 Diog.
742 483 790 526 L.
824 486 861 525 9.
910 495 945 526 c.
980 485 1046 526 54.
1129 482 1324 540 ἀκουστὴς
1355 516 1363 525 .
1399 516 1407 525 .
1443 482 1713 544 Πρωταγόρου

194 555 281 600 Vit.
314 555 452 610 Eun).

310 629 369 671 Et
409 627 725 682 philosophiam
775 627 946 682 quidem
983 627 1249 682 Protagorae
1301 628 1477 690 missam
1520 628 1713 673 facimus.

197 697 319 750 Quod
360 701 503 741 autem
542 698 580 741 is
626 710 677 740 ex
721 697 928 741 interiore
973 698 1169 741 doctrina
1220 698 1518 756 depromptum
1557 697 1712 742 πάντων

196 768 414 826 χρημάτων
449 769 587 825 μέτρον
622 767 828 825 ἄνθρωπος
857 769 1094 823 praecepit,
1126 769 1172 812 id
1201 770 1246 812 in
1275 773 1414 814 artem
1445 771 1715 815 dialecticam

196 843 456 887 translatum
486 842 531 886 id
562 843 708 886 valere
739 842 867 886 iussit
898 855 994 886 esse
1026 841 1096 884 δύο
1128 843 1270 898 λόγους
1302 842 1389 900 περὶ
1430 842 1573 892 παντὸς
1613 843 1716 901 πρά-

196 931 345 972 γματος
377 915 665 971 ἀντικειμένους
687 915 885 971 ἀλλήλους
903 915 1048 972 (Diog.
1063 916 1111 959 L.
1137 919 1176 971 2,
1196 929 1230 959 c.
1252 917 1339 973 51).
1400 917 1505 961 Inde
1533 918 1717 972 plurima

197 988 448 1043 disputandi
489 988 613 1042 copia
652 992 697 1031 et
728 987 811 1031 sibi
842 992 886 1031 et
923 988 1146 1042 discipulis
1178 989 1374 1033 derivata
1403 994 1471 1034 est
1501 991 1672 1047 (πρῶτος
1704 1026 1713 1036 .

197 1095 206 1104 .
241 1095 250 1104 .
282 1058 373 1108 τοὺς
411 1058 627 1118 ἐριστικοὺς
666 1060 807 1115 λόγους
848 1059 939 1117 εὗρε
980 1060 1168 1116 Suidas).
1244 1061 1334 1106 Nec
1372 1062 1417 1106 in
1466 1062 1715 1108 disserendo

195 1135 308 1177 inter
347 1147 448 1177 suos
481 1134 704 1187 Sophistes
745 1134 819 1177 ille
860 1132 945 1176 sibi
991 1133 1149 1187 defuit,
1193 1135 1256 1178 ita
1301 1139 1350 1178 ut
1379 1136 1639 1190 gloriaretur
1668 1150 1715 1181 se

195 1218 324 1261 posse
365 1204 429 1248 τὸν
470 1207 577 1263 ἥττω
621 1206 736 1261 λόγον
785 1205 949 1262 κρείττω
996 1205 1118 1248 ποιεῖν
1165 1205 1237 1262 (cf.
1281 1206 1411 1251 Isocr.
1456 1207 1552 1252 Hel.
1585 1208 1713 1265 init).

199 1280 292 1331 Qua
319 1280 364 1322 in
393 1293 441 1323 re
471 1280 716 1324 rhetoricus
747 1280 899 1323 doctor
936 1279 1190 1334 probatione
1222 1279 1300 1322 ἀπὸ
1332 1283 1400 1322 τοῦ
1431 1282 1585 1330 εἰκότος
1613 1281 1716 1327 abu-

194 1354 303 1397 titur
334 1353 424 1408 (Ar.
443 1353 520 1396 Rh.
546 1356 584 1406 2,
604 1356 672 1408 24,
696 1352 779 1408 11).
841 1352 936 1396 Mos
967 1353 1100 1397 semel
1122 1353 1348 1398 institutus
1377 1355 1536 1399 mansit
1566 1354 1716 1412 (Isocr.

195 1425 257 1468 Ib.
289 1438 324 1468 c.
358 1429 385 1466 4
421 1424 478 1465 ἔτι
517 1423 605 1480 περὶ
645 1424 709 1466 τὸν
750 1425 867 1465 τόπον
908 1427 1042 1466 τοῦτον
1083 1425 1358 1481 διατρίβουσι).
1420 1426 1511 1470 Nec
1543 1428 1716 1471 aliunde

194 1497 365 1541 videtur
404 1496 635 1552 Euripides
683 1496 923 1541 mirandam
976 1497 1094 1542 illam
1135 1501 1179 1541 et
1229 1510 1366 1553 paene
1417 1498 1716 1544 inexhaustam

195 1574 542 1625 argumentorum
573 1570 730 1613 seriem
761 1569 960 1612 traxisse.

312 1642 396 1686 Sed
425 1655 506 1686 vox
535 1641 736 1699 magistri
779 1641 912 1685 semel
957 1641 1134 1694 emissa,
1186 1654 1281 1686 cum
1324 1642 1493 1688 diverse
1534 1648 1578 1689 et
1619 1658 1717 1701 per-

193 1729 318 1760 verse
348 1716 624 1770 interpretati
656 1720 814 1767 essent,
846 1716 1063 1758 hominum
1101 1715 1439 1770 indignationem
1462 1719 1594 1762 movit
1615 1720 1716 1774 ⁸(Ar.

194 1789 273 1833 Rh.
308 1789 334 1832 1.
369 1789 436 1845 c.).
497 1788 680 1832 Nomina
722 1788 797 1831 illa
836 1787 1009 1842 saepius
1048 1788 1213 1832 iactata
1243 1788 1476 1847 imaginem
1506 1790 1622 1836 vitae
1652 1791 1717 1836 in-

197 1864 332 1906 duunt
362 1867 406 1906 et
436 1864 479 1905 in
512 1875 711 1906 scaenam
741 1862 978 1915 prodeunt,
1020 1861 1098 1904 sed
1129 1866 1334 1915 quantum
1364 1864 1519 1907 mutati
1550 1877 1576 1908 a
1605 1864 1717 1909 facie

197 1935 458 1980 scholastica
501 1939 601 1979 sunt
632 1933 794 1982 Δίκαιος
824 1934 954 1990 λόγος,
987 1936 1031 1977 et
1054 1932 1207 1982 Ἄδικος
1237 1934 1354 1991 λόγος
1386 1934 1502 1992 (Sch.
1519 1936 1590 1980 Ar.
1607 1935 1717 1981 Nub,

200 2013 295 2052 112.
356 2009 628 2065 Πρωταγόρας
658 2008 833 2064 ἐφεῦρε).
895 2007 984 2050 Nec
1022 2007 1150 2051 aliter
1190 2020 1282 2051 rem
1312 2009 1525 2063 intellegit
1553 2010 1719 2054 Isocra-

195 2086 264 2126 tes
296 2095 391 2126 cum
412 2082 648 2126 Aristotele
682 2081 977 2125 consentiens:
1011 2080 1169 2123 ἐκείνων
1192 2079 1466 2128 ἐπιδειξάντων
1499 2082 1557 2124 ὅτι
1587 2080 1719 2139 ῥᾴδιόν

195 2155 298 2207 ἐστι,
341 2153 429 2210 περὶ
472 2156 525 2196 ὧν
558 2153 602 2196 ἄν
634 2171 690 2201 τις
727 2155 941 2210 πρόθηται,
986 2155 1113 2210 ψευδῆ
1148 2155 1461 2210 μηχανήσασθαι
1490 2156 1606 2210 λόγον
1640 2157 1717 2212 (Is.

196 2228 292 2272 Hel.
324 2227 382 2283 4).
442 2227 618 2272 Rectius
648 2231 794 2270 tamen
824 2227 893 2270 hic
922 2226 1007 2270 vim
1036 2227 1152 2271 vocis
1181 2226 1297 2271 intra
1325 2227 1499 2272 scholae
1529 2229 1719 2284 parietes

195 2300 367 2347 cohibet
398 2299 488 2356 (Ar.
520 2301 546 2344 l.
579 2303 648 2357 c.).

307 2374 538 2429 Euripides
570 2374 730 2418 dictum
763 2374 933 2417 silentio
977 2386 1061 2416 non
1091 2374 1376 2428 transmittit;
1419 2374 1532 2420 falsa
1572 2380 1719 2422 tamen

193 2449 584 2503 interpretamenta
615 2448 805 2502 spernit:
837 2446 938 2502 frgt.
972 2447 1143 2501 Antiop.
1180 2451 1274 2491 189.

428 2521 474 2562 ἐκ
506 2519 649 2567 παντὸς
681 2519 725 2562 ἄν
757 2536 814 2567 τις
845 2519 1074 2576 πράγματος
1107 2521 1252 2563 δισσῶν
1284 2522 1413 2577 λόγων

426 2593 563 2648 ἀγῶνα
595 2591 682 2634 θεῖτ’
720 2591 779 2647 ἄν,
812 2593 846 2634 εἰ
877 2592 1004 2647 λέγειν
1038 2589 1098 2648 εἴη
1133 2593 1270 2650 σοφός.

196 2667 294 2710 dein
324 2667 482 2710 leniter
511 2666 731 2721 increpat:
751 2666 910 2724 ‘SuppL
943 2668 1128 2709 486—7.

424 2739 552 2781 καίτοι
584 2739 690 2781 δυοῖν
722 2754 768 2795 γε
797 2737 938 2786 πάντες
970 2735 1172 2795 ἅνθρωποι
1202 2738 1334 2794 λόγοιν

429 2811 493 2855 τὸν
524 2813 719 2869 κρείσσον’
749 2810 861 2868 ἴσμεν
892 2810 959 2853 καὶ
989 2810 1038 2853 τὰ
1068 2810 1226 2869 χρηστὰ
1258 2810 1323 2854 καὶ
1354 2811 1470 2855 κακά.
