1910 3154
934 111 1060 169 22v

311 233 350 272 4.
412 226 652 281 παλιλλογία
691 228 825 270 Anax.
871 239 905 270 c.
940 229 1007 269 21.
1052 239 1087 269 c.
1122 229 1175 270 23
1230 219 1412 282 ἐπίλογος
1461 225 1536 269 ἀνὰ
1584 226 1716 282 μέσον.

428 298 490 343 Ib.
522 298 760 353 παλιλλογία
791 332 800 340 .
836 331 845 340 .
880 331 890 340 .
923 295 1010 354 περὶ
1041 301 1118 341 τῶν
1153 302 1295 356 μερῶν.

315 374 363 418 Β.
427 377 566 416 547-
572 376 653 415 567
678 372 846 428 [Adhuc
863 371 1081 416 refutatur
1103 372 1225 465 (547)
1244 372 1411 417 sedita
1430 377 1478 416 ut
1509 373 1565 416 ad
1596 386 1716 417 suum

430 444 656 489 arbitrium
686 443 869 499 probetl.

319 524 354 563 1.
416 518 659 573 Propositio
690 531 784 561 cum
815 518 1048 571 partitione
1090 518 1252 574 (Quint.
1285 523 1324 574 4,
1357 523 1396 574 4,
1430 523 1468 562 7.
1530 532 1565 562 c.
1601 522 1639 573 5,
1675 518 1717 573 1)

431 591 666 645 (attentum
696 588 802 633 facit
832 590 904 633 Ar.
937 589 1017 633 Rh.
1052 593 1091 646 3,
1127 594 1192 644 14,
1226 590 1284 647 9).

315 666 353 705 2.
415 676 453 706 a.
488 663 611 718 σοφός
644 665 856 704 551—55.

415 733 456 778 b.
489 735 661 791 σώφρων
696 737 906 778 556—58.

421 822 456 853 c.
488 808 601 865 φίλος
633 811 772 851 559-
777 811 843 851 65.

316 885 353 925 3.
414 880 687 935 Παλιλλογίαε
722 878 865 937 [quam
895 880 1027 923 etiam
1058 880 1225 936 epilogo
1256 893 1523 936 praeponere
1555 882 1688 938 licet].

198 955 476 1009 Epilogus
509 957 751 997 567—575.

321 1028 357 1067 1.
418 1024 677 1067 Brevissime
719 1027 762 1066 et
804 1027 1026 1066 enumerat
1072 1026 1115 1067 et
1156 1036 1203 1067 se
1234 1024 1507 1070 commendat
1537 1025 1720 1069 interro-

416 1097 558 1152 gando
590 1096 632 1147 ἐξ
672 1096 958 1150 ἐπερωτήσεως
990 1128 998 1135 .
1033 1128 1041 1135 .
1075 1128 1083 1136 .
1120 1129 1128 1138 .
1161 1095 1204 1136 εὖ
1237 1097 1476 1151 ὃιαθήσομεν
1506 1098 1612 1152 ἡμᾶς
1643 1098 1717 1140 Ar.

419 1169 498 1212 Rh.
532 1173 570 1222 3,
608 1172 673 1221 19,
708 1173 745 1223 5,
778 1169 910 1211 Anax.
944 1181 977 1212 c.
1013 1172 1080 1221 37,
1112 1172 1269 1212 43-4,

320 1246 358 1286 2.
421 1242 725 1285 Adversarium
758 1241 1009 1285 criminatur
1041 1242 1303 1298 (διαθήσομεν
1330 1275 1338 1283 .
1364 1275 1372 1283 .
1405 1241 1494 1289 τοὺς
1524 1242 1720 1289 ἐναντίους

420 1317 554 1361 κακῶς
585 1315 719 1357 Anax.
751 1313 847 1369 Ib.).

320 1392 356 1430 3.
417 1389 482 1429 Ex
513 1386 845 1440 exprobratione
876 1386 1058 1429 feminae
1101 1399 1205 1429 suae
1238 1388 1428 1431 exoritur
1458 1389 1648 1442 egressio
1677 1389 1721 1431 in

419 1472 502 1513 qua
532 1462 669 1502 totum
701 1459 925 1502 mulierum
957 1471 1092 1515 genus
1123 1459 1395 1520 insectatur..

320 1537 358 1575 4.
421 1531 692 1575 Sententiose
723 1530 949 1574 concludit.

319 1602 465 1646 Τελικὰ
495 1602 698 1660 κεφάλαια
729 1602 987 1646 adhibentur
1009 1603 1158 1646 eodem
1192 1603 1339 1648 ordine
1373 1617 1454 1659 quo
1473 1606 1590 1660 prior
1624 1620 1719 1651 ora-

202 1680 264 1723 tio
295 1679 431 1722 utitur
467 1701 514 1708 —-
547 1677 709 1730 δίκαιον,
741 1677 926 1732 νόμιμον,
961 1674 1173 1739 ούμφερον,
1206 1677 1337 1720 καλόν.
1370 1704 1424 1709 —-
1455 1678 1578 1722 Hunc
1606 1680 1718 1724 enim

203 1752 397 1795 ordinem
443 1750 725 1794 Anaximenes
773 1749 996 1803 praecipit.
1072 1748 1226 1792 Medea
1268 1754 1409 1794 autem
1448 1752 1629 1805 primam
1675 1757 1720 1798 et

205 1829 416 1879 quartum,
448 1825 598 1876 Iason,
632 1824 808 1867 tertium
839 1822 930 1866 fere
961 1822 1014 1865 ab
1048 1835 1099 1865 ea
1131 1823 1396 1877 neglectum,
1427 1837 1531 1878 prae
1562 1828 1720 1871 ceteris

205 1897 383 1943 adhibet
428 1895 489 1954 (τὸ
533 1896 905 1953 παραλειπόμενον).
975 1896 1024 1939 In
1063 1895 1143 1939 hoc
1190 1895 1361 1951 quidem
1400 1897 1555 1960 Iasona
1596 1899 1722 1945 inniti

207 1971 440 2015 secundum
472 1974 609 2027 artem
641 1974 685 2013 et
715 1969 935 2024 poeticam‘
965 1972 1008 2011 et
1037 1969 1296 2012 rhetoricam
1327 1974 1511 2024 oportet.
1574 1972 1721 2017 Status

205 2044 317 2087 enim
349 2056 444 2087 cum
476 2043 533 2086 sit
564 2043 807 2097 qualitatis,
852 2054 1028 2085 necesse
1061 2045 1129 2085 est
1169 2045 1217 2085 ut
1245 2042 1356 2086 iuste
1387 2041 1541 2087 fecisse
1577 2045 1721 2089 videa-

205 2119 276 2159 tur
307 2115 469 2170 (Quint.
505 2118 543 2169 3,
577 2118 616 2167 6,
649 2114 736 2169 45).
799 2113 934 2164 Quam
957 2125 1119 2155 memor
1149 2113 1206 2156 sit
1238 2114 1346 2157 artis
1377 2115 1566 2159 ostendit
1597 2129 1720 2162 accu-

204 2179 302 2233 rata
332 2189 410 2231 illa
441 2201 533 2232 cum
564 2187 798 2242 partitione
829 2186 1054 2230 coniuncta
1083 2186 1331 2241 propositio.

322 2260 515 2305 Artificia
545 2261 710 2304 minora
751 2272 845 2304 cum
887 2260 1029 2314 priore
1060 2259 1158 2303 huic
1200 2259 1365 2304 alterae
1397 2261 1581 2306 orationi
1611 2276 1723 2308 com-

206 2337 349 2380 munia
380 2339 491 2379 sunt.
552 2334 609 2377 Ut
644 2334 795 2377 Medea
825 2334 940 2376 inter
969 2331 1190 2376 fidentiam
1222 2336 1267 2376 et
1296 2333 1603 2389 impudentiam
1634 2337 1721 2382 dis-

208 2409 368 2453 crimen
399 2407 544 2463 ponit,
585 2407 647 2450 ita
677 2407 805 2449 Iason
842 2405 1117 2460 prudentiam
1147 2409 1191 2448 et
1222 2409 1553 2461 temperantiam
1583 2422 1724 2455 secer-

208 2492 314 2523 nens
355 2483 581 2533 utramque
624 2478 828 2540 yirtutem
874 2476 956 2520 sibi
986 2476 1186 2520 vindicat.
1259 2478 1389 2522 Plura
1428 2480 1472 2522 in
1512 2480 1588 2525 illa
1627 2487 1727 2527 sunt

209 2552 412 2605 ἀντίθετα;
453 2552 496 2594 in
528 2551 666 2594 altera
702 2554 847 2593 tamen
888 2550 1082 2593 oratione
1113 2562 1196 2593 non
1227 2550 1381 2595 desunt
1413 2577 1464 2584 —
1498 2552 1665 2611 εἴληφας
1695 2558 1722 2612 ἢ

208 2626 388 2673 δέδωκας
420 2628 516 2668 535.
577 2624 701 2666 παῖδα
728 2622 949 2680 βασιλέως,
993 2620 1120 2679 φυγὰς
1152 2624 1280 2679 γεγώς
1321 2625 1468 2681 (554);
1513 2626 1723 2685 ἐχθαίρων,

210 2697 334 2754 ἱμέρῳ
365 2694 639 2752 πεπληγμένος
679 2694 913 2751 (555-6);
955 2694 1034 2741 τοῖς
1078 2693 1265 2751 μέλλουσι
1304 2695 1475 2753 τέκνοις,
1518 2696 1567 2740 τὰ
1599 2701 1728 2747 ζῶντα

208 2770 440 2827 (566—7);
482 2771 616 2824 λῷστα
646 2767 711 2810 καὶ
748 2767 939 2809 κάλλιστα
970 2769 1250 2824 πολεμιώτατα
1283 2769 1431 2826 (572);
1473 2771 1517 2815 in
1561 2773 1729 2829 longius

206 2842 397 2886 trahitur
428 2842 693 2896 comparatio
724 2842 767 2884 in
799 2840 992 2885 versibus
1025 2845 1205 2884 570—3.
