1910 3154
933 72 986 111 69

209 183 348 239 πέρατι
382 183 513 239 ὁρίσαι
547 185 623 225 An.
646 187 713 235 33,
733 184 790 238 9).
855 187 892 225 2.
926 184 1106 226 Monitio
1139 187 1213 226 aut
1236 182 1529 236 reprehensio.
1594 184 1631 222 3.
1666 181 1744 221 Pe-

212 257 323 300 titio.
386 262 425 299 4.
456 256 726 299 Exhortatio.
789 256 869 299 Est
901 256 973 300 ubi
998 257 1251 310 simpliciter
1283 269 1449 299 summa
1480 256 1543 297 rei
1569 254 1744 308 ponitur

212 331 321 384 (Alc.
368 333 451 372 320
496 330 556 370 δεῖ
601 327 677 384 γὰρ
721 330 848 370 θανεῖν
896 329 976 384 με).
1045 330 1252 383 Exempla
1297 329 1458 382 eapti
1490 327 1743 370 consilii.

219 401 291 444 Or.
330 405 427 454 704,
459 402 590 444 Andr.
614 404 710 454 378,
733 405 830 444 413.
891 401 1048 445 Bacch.
1083 406 1187 445 332:
1220 402 1299 444 Mo
1317 401 1580 444 nitionis:
1615 399 1743 453 Hipp.

211 477 320 528 473,
365 474 496 516 Andr.
543 477 638 515 177.
711 474 763 515 Η.
806 474 904 516 Fur.
951 478 1047 517 307.
1109 475 1200 517 Alc.
1250 478 1371 516 1017.
1434 473 1590 515 Bacch.
1636 476 1743 514 341:

211 546 553 589 Petitionis:
587 545 719 589 Andr.
754 549 850 588 572.
912 546 1082 589 Heracl.
1108 550 1203 590 220.
1266 545 1741 589 Exhortationis:

213 619 341 672 Hipp.
374 623 473 672 473,
506 619 618 661 Med.
652 623 749 661 400.

336 692 393 734 Ut
425 690 473 734 fit
502 691 545 733 in
577 691 809 745 prooemio,
839 682 1056 735 interdum
1081 692 1295 735 conclusio
1328 704 1379 734 ex
1402 692 1494 734 sola
1527 690 1744 734 sententia

213 766 397 805 constat.
462 763 591 805 Andr.
629 766 837 806 1007—8.

331 835 723 890 Frequentissimus
746 839 814 879 est
834 835 1076 890 imperativi
1108 836 1223 878 modi
1250 848 1364 888 usus,
1395 835 1653 890 praesertim
1688 832 1742 876 ab

212 904 335 947 initio
368 906 545 959 epilogi,
591 906 653 948 ita
684 910 732 948 ut
763 907 829 948 vel
860 906 959 948 inde
993 906 1169 959 colligas
1202 911 1419 947 oratorem
1449 906 1534 947 iam
1565 904 1742 946 tandem

212 989 417 1031 perorare
449 978 558 1020 velle
592 977 663 1021 Or.
701 980 823 1020 1082.
886 977 999 1020 Med.
1020 980 1117 1020 400.
1179 978 1211 1019 Ι.
1232 979 1280 1019 A.
1305 980 1426 1020 1398.
1490 977 1616 1030 Hipp.
1642 979 1740 1018 473.

213 1049 266 1092 cf.
301 1051 431 1093 Thuc.
470 1056 504 1104 1,
538 1055 591 1092 86
625 1056 668 1092 et
698 1052 873 1103 passim.

330 1122 379 1165 Id
411 1134 578 1176 quoque
611 1135 692 1165 non
736 1135 835 1165 raro
868 1121 1084 1177 significat
1115 1123 1331 1175 inceptum
1362 1122 1445 1164 iam
1479 1133 1575 1164 esse
1608 1121 1740 1174 epilo-

212 1207 333 1248 gum,
366 1194 403 1236 si
435 1193 567 1236 verba
609 1193 750 1237 verbis
781 1195 989 1247 prooemii
1021 1195 1146 1236 facile
1179 1207 1224 1237 se
1257 1199 1457 1245 nectunt,
1501 1197 1548 1236 ut
1590 1194 1632 1235 in
1677 1193 1742 1234 di-

214 1267 353 1308 sticho
386 1266 595 1308 Ovidiano
649 1278 799 1308 versus
832 1267 944 1308 alter
974 1266 1161 1319 priorem
1192 1266 1409 1308 sententia
1439 1266 1582 1318 paullo
1615 1266 1742 1307 aliter

215 1338 330 1381 elata
362 1336 600 1381 confirmat.
664 1338 870 1391 Exemplo
902 1338 978 1380 sit:
1013 1338 1229 1380 Heraclid.
1253 1341 1475 1380 464—471
1513 1337 1584 1380 ubi
1616 1350 1741 1380 voca-

213 1410 359 1453 bulum
390 1410 599 1465 ἀμήχανος
644 1410 879 1463 repetitum
920 1411 1111 1463 paullum
1144 1424 1168 1453 a
1199 1411 1342 1463 priore
1373 1423 1453 1453 usu
1485 1410 1741 1453 deflectitur.

214 1482 265 1525 ef.
301 1483 428 1536 Hipp.
462 1486 560 1525 700.

328 1552 433 1593 Inde
476 1552 683 1604 exemplis
733 1552 958 1595 ostendam
1000 1553 1359 1605 quemadmodum
1402 1553 1644 1606 praeceptis
1688 1553 1741 1594 de

212 1623 419 1665 variando
469 1635 665 1665 sermone
716 1630 846 1675 poeta
897 1625 1005 1666 satis
1055 1625 1208 1667 fecerit
1254 1625 1416 1681 (Quint.
1451 1629 1489 1678 6,
1526 1629 1561 1675 1,
1594 1625 1652 1679 2).
1688 1649 1739 1655 -

212 1694 367 1737 Troad.
402 1698 483 1737 736
517 1695 636 1749 (741)
680 1695 788 1736 θανεῖ
832 1695 927 1751 πρὸς
969 1697 1120 1752 ἐχθρῶν
1154 1717 1208 1732 =
1240 1697 1319 1750 Ep.
1364 1701 1447 1739 770
1487 1699 1608 1750 (775)
1652 1695 1742 1736 δαί-

210 1766 328 1806 νυσθε
358 1768 474 1806 τοῦδε
506 1765 654 1821 σάρκας
686 1767 790 1809 Hec.
827 1772 906 1810 357
941 1768 1063 1823 δούλη
1099 1789 1152 1803 =
1187 1770 1264 1822 Ep.
1296 1773 1378 1811 376
1412 1768 1547 1824 αὖχεν’
1581 1766 1741 1813 ἐντιθεὶς

215 1840 332 1893 ζυγῷ.
395 1838 497 1880 Hec.
545 1842 654 1881 1240
699 1838 864 1895 ἀχθεινὰ
897 1839 964 1894 μέν
1010 1856 1075 1894 μοι
1118 1841 1328 1896 τάλλότρια
1366 1840 1508 1895 κρίνειν
1549 1839 1653 1881 κακά
1685 1860 1740 1876 =

212 1907 407 1962 Ep.‚&⁷tsl
450 1908 497 1949 τὰ
540 1909 593 1964 μὴ
626 1908 731 1949 καλὰ
776 1909 963 1965 πράσσειν
1008 1912 1205 1966 ἐτόλμας7
1234 1914 1346 1966 τλῆθι
1374 1911 1440 1952 καὶ
1473 1911 1520 1952 τὰ
1553 1912 1606 1966 μὴ
1638 1911 1743 1953 καλὰ

213 1980 465 2038 (1250—1).
535 1982 629 2024 Hel.
665 1986 834 2025 744——5
876 1982 924 2024 τὰ
971 1982 1146 2039 μάντεων
1192 1985 1311 2040 φαῦλ’
1353 1982 1434 2025 ἐστι
1475 1983 1540 2025 καὶ
1586 1986 1740 2041 ψευδῶν

211 2053 313 2094 πλέα
344 2073 397 2088 =
433 2057 513 2096 755
548 2054 633 2110 βίου
666 2053 742 2110 γάρ
773 2054 905 2102 ἄλλως
938 2056 1079 2112 δέλεαρ
1112 2057 1253 2112 εὑρέθη
1286 2058 1387 2097 τόδε.
1450 2058 1539 2099 Ion.
1578 2061 1660 2100 373
1684 2077 1739 2093 =

214 2130 426 2169 378—-80.
488 2127 575 2169 Ion.
610 2131 694 2171 440
725 2148 779 2163 =
812 2132 1025 2171 449—51.
1087 2130 1178 2182 Iph.
1220 2130 1345 2172 Taur.
1390 2133 1471 2172 675
1507 2130 1566 2170 δεῖ
1598 2146 1645 2184 με
1676 2128 1743 2170 καὶ

211 2202 323 2254 κοινῇ
357 2199 485 2240 θανεῖν
518 2218 572 2234 =
607 2203 776 2242 684—5
809 2200 887 2256 χρὴ
908 2201 1189 2242 συνεκπνεῦσαί
1223 2201 1270 2256 με’
1303 2217 1364 2241 σοι
1390 2200 1456 2241 καὶ
1491 2206 1744 2257 συσφαγῆναι

212 2270 542 2326 καὶπυρωθῄναι
575 2272 709 2326 δέμας.
774 2273 986 2316 Med.470
1019 2273 1156 2328 φίλους
1187 2278 1321 2320 κακῶς
1353 2272 1538 2328 δράσαντ’
1573 2294 1625 2308 =
1659 2278 1741 2317 509

211 2343 348 2399 τοίγαρ
392 2359 441 2398 με
483 2345 643 2390 πολλοῖς
686 2345 880 2400 μακαρίαν
935 2346 994 2386 ἀν’
1038 2344 1223 2387 (Ελλάδα
1268 2344 1414 2400 ἔθηκας
1460 2344 1543 2386 ἀντὶ
1601 2347 1741 2386 τῶνδε·

213 2414 439 2471 θαυμαστὸν
474 2416 518 2457 δέ
550 2432 595 2458 σε
626 2416 710 2474 ἔχω
760 2418 870 2459 πόσιν
902 2416 967 2459 καὶ
1000 2417 1138 2459 σεπτὸν
1173 2417 1356 2473 (Nauck,
1391 2417 1493 2461 MSS.
1528 2418 1682 2473 πιστόν)
1714 2419 1739 2474 ἡ

209 2487 359 2529 τάλαιν’
392 2489 486 2542 ἐγώ.
550 2489 621 2532 Or.
655 2494 740 2533 460
781 2490 826 2531 οὗ
874 2492 996 2537 αἰδώς
1040 2492 1079 2545 μ’
1127 2490 1212 2546 ἔχει
1263 2491 1316 2536 εἰς
1349 2490 1493 2544 ὄμματ’
1527 2490 1651 2531 ἐλθεῖν
1685 2511 1740 2526 =

211 2563 295 2603 467
328 2560 415 2602 τίνα
448 2562 585 2603 σκότον
617 2549 730 2618 λάβω
762 2564 993 2619 προσώπῳ;
1034 2564 1143 2603 ποῖον
1177 2560 1411 2617 ἐπίπροσθεν
1444 2561 1563 2618 νέφος
1597 2563 1740 2618 θῶμαι7

209 2633 391 2688 γέροντος
428 2633 617 2688 ὀμμάτων
651 2633 810 2689 φεύγων
841 2649 984 2689 κορας;
1018 2635 1160 2677 OreSt.
1196 2637 1441 2677 700—706.

325 2704 465 2748 Multa
497 2718 549 2748 ex
579 2706 646 2749 his
678 2706 721 2748 id
744 2705 1009 2761 confirmant,
1042 2707 1154 2760 quod
1188 2706 1274 2749 dixi
1307 2705 1360 2748 de
1393 2705 1611 2748 sententia
1642 2718 1741 2759 pro-

208 2775 334 2818 oemii
364 2776 408 2818 in
439 2777 612 2831 epilogo
644 2777 846 2830 repetita.
