1910 3154
968 70 1021 109 72

333 182 436 226 Loci
468 180 609 225 octavi
644 179 837 237 (aliquod
864 194 946 225 non
979 180 1142 226 factum
1175 183 1285 238 quod
1312 178 1586 242 oportuerit).
1649 185 1754 230 Hec.

218 260 315 296 613.
378 255 534 296 Troad.
574 257 696 295 1200.
1675 294 1678 297 ,

334 327 436 369 Loci
468 325 580 368 noni.
644 325 800 368 Troad.
854 330 964 368 1194
1007 327 1040 367 ὦ
1070 327 1321 384 καλλίπηχυν
1353 345 1389 371 κ.
1422 344 1454 370 τ.
1488 330 1522 372 λ.
1556 328 1756 384 (Hecuba

216 399 452 452 alloquitur
483 398 687 440 Hectoris
719 398 935 458 clipeum).

334 471 438 513 Loci
468 470 637 514 decimi.
701 468 755 511 H.
787 470 834 513 F.
869 473 965 513 228.

331 543 436 586 Loci
467 543 622 585 decimi
656 557 750 587 cum
783 547 936 598 quarto
969 544 1133 585 decimo
1166 544 1395 596 con-iuncti.
1458 545 1562 588 Hec.
1596 549 1693 588 841.

332 615 549 657 Eiusdem.
572 628 667 657 cum
697 616 830 657 tertio
862 615 1029 656 decimo
1063 619 1107 656 et
1139 619 1294 667 quarto
1327 616 1505 659 decimo.
1540 617 1571 658 Ι.
1592 618 1637 659 A.
1657 621 1753 659 911.

331 687 433 728 Loci
464 686 675 728 undecimi
710 686 831 742 (cura
864 685 1147 741 sepulturae).
1209 686 1381 729 Heracl.
1418 691 1513 730 588.

329 759 434 801 Loci
466 757 711 801 duodecimi
744 758 999 815 (disiunctio
1023 772 1048 801 a
1071 758 1395 816 familiaribus).
1457 761 1752 804 Bacch.1316.

214 831 371 873 Troad.
409 835 519 873 1185
553 829 619 885 (σὺ
654 832 689 871 δ’
722 830 793 871 οὐκ
824 832 920 886 εἶμ’).

331 904 434 946 Loci
460 904 581 946 tertii
608 904 776 947 decimi.
811 904 842 946 I.
866 904 912 946 T.
939 907 1021 946 708
1055 904 1273 958 (desertus
1290 904 1344 948 ab
1368 905 1564 959 Apolline
1598 917 1753 961 „quem

214 976 456 1018 adiutorem
489 976 581 1018 fore
612 976 857 1028 putaverit“
891 976 977 1018 Cic.
1010 975 1106 1029 Ib.).

328 1047 432 1090 Loci
465 1048 609 1100 quarti
642 1047 810 1089 decimi.
872 1048 1046 1091 Heracl.
1081 1051 1165 1091 230
1198 1048 1445 1103 (δεσπότης).

327 1120 432 1163 Loci
464 1120 601 1173 quinti
634 1121 800 1163 decimi.
864 1121 966 1163 Hec.
1002 1124 1080 1163 211
1119 1120 1216 1174 (sub
1248 1120 1375 1165 finem
1408 1121 1594 1175 neniae).

328 1193 421 1234 Iam
454 1204 585 1246 supra
627 1193 680 1235 de
712 1193 997 1246 productione
1041 1194 1308 1248 (παραγωγή,
1341 1191 1607 1248 παράκλησις)
1642 1192 1749 1235 dixi-

210 1279 306 1307 mus
339 1266 397 1319 (p.
434 1266 520 1318 37).
585 1265 665 1307 Hic
709 1265 888 1307 laudare
933 1266 1042 1307 satis
1082 1265 1213 1308 fuerit
1249 1266 1581 1319 Aristophanem
1615 1266 1748 1319 (Plut.

212 1336 331 1390 382),
365 1337 450 1377 vim
483 1337 774 1378 miserationis
808 1342 1127 1389 agnoscentem,
1162 1342 1206 1379 et
1238 1338 1364 1379 simul
1396 1337 1545 1390 poesin
1578 1340 1622 1378 et
1652 1337 1749 1378 rhe-

209 1408 389 1451 toricem
422 1408 466 1449 in
500 1420 630 1450 unum
661 1408 1013 1451 contrahentem:

503 1480 584 1535 ὁρῶ
615 1480 686 1520 τιν’
718 1478 781 1520 ἐπὶ
813 1483 881 1520 τοῦ
914 1482 1092 1537 βήματος
1124 1479 1416 1535 καθεδούμενον

501 1552 699 1608 ἱκετηρίαν
731 1553 875 1609 έχοντα
908 1552 1007 1608 μετὰ
1039 1561 1113 1595 τῶν
1145 1553 1314 1595 παιδίων

500 1623 668 1680 καὶτῆς
700 1624 886 1679 γυναικὸς
918 1626 989 1667 κού
1024 1627 1208 1667 ὃιοισοντ’
1244 1624 1424 1681 ἄντικρυς

499 1701 576 1738 τῶν
606 1695 904 1753 εΗροικλειόῶν.

323 1770 416 1811 Non
449 1770 588 1812 minus
621 1769 795 1812 difficile
828 1776 895 1812 est
937 1770 1060 1813 nobis
1090 1771 1187 1825 ἦθος
1221 1774 1427 1812 tractare.
1491 1770 1629 1821 Quam
1660 1771 1748 1813 late

205 1845 357 1895 pateat
389 1840 510 1883 verbi
542 1841 804 1897 significatio
838 1842 1127 1893 Quintilianus
1170 1846 1292 1885 notat
1324 1843 1383 1897 (6,
1415 1846 1452 1893 2,
1492 1842 1575 1898 17).
1640 1842 1751 1886 Tota

207 1915 376 1956 scilicet
420 1914 654 1969 tragoedia
697 1915 739 1956 in
782 1914 972 1957 moribus
1005 1915 1264 1957 continetur.
1327 1915 1409 1957 Hic
1440 1918 1608 1956 tantum
1642 1915 1749 1957 illud

203 1986 301 2041 ἦθος
333 1986 694 2029 considerandum
726 1987 839 2040 quod
872 1991 1021 2029 orator
1052 1987 1241 2040 prudens
1274 1987 1415 2029 sciens
1448 1999 1530 2040 que
1564 1986 1618 2028 ad
1650 2000 1748 2040 per-

204 2058 471 2101 suadendum
506 2059 733 2111 depromit.
798 2059 974 2101 Scilicet
1016 2062 1146 2111 poeta
1190 2071 1337 2101 omnes
1387 2057 1561 2100 exhibet
1591 2071 1748 2110 mores,

206 2134 357 2173 orator
390 2131 463 2172 ille
496 2129 657 2183 probos
689 2134 860 2173 tantum
894 2134 1055 2184 captat.

321 2202 388 2245 Sit
419 2203 555 2257 igitur
584 2202 682 2256 ἦθος
729 2203 856 2245 mites
898 2203 958 2244 illi
1001 2202 1115 2255 apud
1158 2202 1374 2244 dicentem
1412 2213 1554 2244 mores
1587 2201 1747 2254 quiad
1786 2229 1790 2232 -

203 2275 539 2317 benivolentiam
572 2275 828 2328 praevalent
860 2274 1023 2328 (Quint.
1050 2278 1089 2326 6,
1126 2277 1164 2326 2,
1200 2274 1256 2330 9).
1320 2274 1407 2316 Res
1439 2286 1491 2316 ex
1523 2286 1747 2327 compara-

201 2350 320 2390 tione
352 2346 427 2389 fiet
476 2346 761 2388 manifestior.
826 2347 1118 2389 Vehementer
1163 2350 1376 2389 commota
1419 2345 1598 2387 Hecuba
1631 2347 1747 2401 Aga-

200 2432 428 2463 memnona
459 2419 502 2461 in
536 2419 708 2475 epilogo
752 2418 953 2462 obsecrat
984 2419 1120 2475 (836).
1184 2419 1265 2461 Est
1295 2415 1433 2464 πάθος.
1497 2416 1747 2471 Composite

203 2493 277 2535 ille
309 2504 477 2534 morum
510 2492 695 2545 quadam
729 2492 1000 2546 proprietate
1034 2494 1289 2546 argumenta
1320 2493 1511 2541 tractat,
1545 2490 1746 2533 auxilium

200 2564 420 2619 promittit
451 2566 550 2618 (861
590 2564 657 2607 cll.
693 2568 777 2607 850
809 2564 892 2619 sq.)
948 2559 1080 2612 Ἧθος
1125 2577 1230 2618 prae
1263 2576 1311 2607 se
1344 2563 1461 2606 ferre
1494 2564 1612 2606 vult:
1666 2564 1748 2607 etsi

199 2649 327 2680 verus
360 2636 541 2678 affectus
575 2636 701 2678 absit.
766 2637 841 2692 (At
884 2638 1039 2679 iisdem
1080 2638 1171 2680 fere
1217 2636 1362 2679 verbis
1410 2636 1575 2678 veriore
1618 2637 1750 2679 animi

201 2709 359 2753 affectu
391 2709 686 2761 Demophoon,
721 2709 947 2763 Supplices
982 2711 1099 2764 422).
1162 2710 1311 2763 Neque
1365 2708 1495 2750 aliter
1527 2709 1749 2752 Menelaus

196 2782 241 2825 in
266 2781 421 2824 Oreste
453 2780 618 2833 fabula,
652 2782 725 2834 ubi
758 2782 796 2824 is
828 2782 970 2825 iuveni
993 2783 1137 2825 omnia
1168 2780 1355 2824 moventi
1381 2779 1538 2834 frigide
1569 2792 1747 2834 respon-
