1910 3154
924 46 949 86 3

179 159 344 205 cabulis
375 159 488 216 apud
517 159 741 204 Platonem
772 160 939 204 elucere
971 158 1163 203 videtur:
1213 156 1361 202 eodem
1402 158 1574 212 spectat
1612 165 1704 197 mos

176 234 249 277 ille
291 247 399 277 nova
447 234 617 277 nomina
653 232 880 276 incudendi
922 231 976 275 ab
1010 231 1244 274 Aristotele
1285 230 1571 284 reprehensus
1603 227 1700 285 (Rh.

180 311 219 363 3,
255 311 319 350 13.
355 307 412 362 5).
474 306 581 350 Sunt
613 307 684 361 qui
716 305 906 358 tradant,
940 306 1125 349 seriores
1156 305 1219 348 illi
1250 304 1421 359 quidem
1452 303 1699 357 scriptores,

180 380 385 423 Coracem
421 380 513 434 jam
555 380 749 423 adultam
781 384 921 422 artem
962 380 1004 421 in
1035 378 1173 421 lucem
1204 377 1414 421 edidisse:
1453 374 1520 417 καὶ
1552 373 1601 417 τὰ
1632 373 1699 431 μὲν

179 460 316 509 πρῶτα
346 451 480 495 ἐκάλει
508 452 721 509 προοίμια,
765 452 814 494 τὰ
846 450 889 493 δὲ
921 450 1086 508 δεύτερα
1117 449 1303 493 ἐκάλεσεν
1351 451 1529 505 ἀγῶνας,
1577 447 1625 491 τὰ
1656 447 1700 490 δὲ

181 526 291 582 τρίτα
322 525 507 569 ἐκάλεσεν
540 527 746 580 ἐπιλόγους
779 527 1044 579 (Doxopater
1066 525 1146 567 Rh.
1178 524 1250 567 Gr.
1283 524 1355 579 VI,
1393 527 1474 574 13).
1537 523 1701 565 Eadem

179 600 288 643 alius
328 605 478 643 auctor
513 600 666 642 iisdem
695 599 784 642 fere
826 598 967 642 verbis
1006 598 1141 641 refert
1180 598 1396 654 (Prolegg.
1428 597 1472 639 in
1495 596 1700 652 Hermog.

181 686 248 726 ap.
282 673 465 726 Spengel
496 675 542 715 A.
577 672 616 715 S.
660 686 699 725 p.
733 672 819 726 25).
891 673 1095 714 Extrema
1138 676 1301 714 tantum
1349 671 1476 713 aliter
1521 674 1697 713 sonant:

181 744 279 801 ἅπερ
310 744 476 787 ἐκάλεσε
505 745 721 801 προοίμιον,
756 745 961 799 διήγησιν,
996 743 1177 797 ἀγῶνας,
1212 743 1466 800 παρέκβασιν,
1500 742 1695 795 ἐπίλογον.

179 817 289 859 Mira
322 818 636 871 discrepantia:
680 816 791 859 unde
823 817 1000 869 colligas
1042 820 1159 857 artes
1194 816 1367 858 Coracis
1399 820 1444 858 et
1475 815 1615 857 Tisiae
1646 814 1698 855 il-

180 889 316 931 lectas
347 890 500 931 iacere.
561 887 671 930 Nam
712 888 748 930 si
782 900 833 930 ea
874 887 1063 941 partium
1094 887 1340 930 distributio
1372 888 1433 930 ita
1466 887 1697 941 appellata,

180 962 291 1014 apud
324 974 396 1003 eos
413 963 644 1014 scriptores
666 961 917 1011 exstitisset,
949 960 1170 1002 Phaedrus
1202 961 1274 1003 ille
1304 961 1347 1002 in
1379 960 1699 1003 enumeratione

180 1032 405 1075 verborum
437 1034 544 1075 artis
574 1033 842 1086 propriorum
872 1021 940 1075 vix
971 1032 1243 1087 neglexisset,
1274 1036 1322 1075 ut
1352 1033 1471 1082 cuius
1502 1032 1698 1075 manibus

184 1105 326 1147 Tisiae
370 1106 524 1147 saltem
564 1118 635 1147 ars
678 1106 782 1147 trita
823 1110 939 1147 esset
981 1105 1182 1157 (Phaedr.
1211 1108 1293 1147 273
1325 1104 1408 1160 A.).
1468 1104 1700 1148 Profitetur

179 1176 291 1219 idem
347 1190 394 1219 se
445 1177 550 1218 nihil
594 1177 675 1219 nisi
715 1190 852 1230 pauca
892 1177 1047 1219 nullius
1104 1177 1305 1218 momenti
1348 1177 1699 1229 praetermittere

183 1249 299 1304 (267.
332 1250 416 1303 D.).
485 1249 648 1292 Seriem
679 1250 866 1303 partium
907 1254 1061 1292 natura
1100 1250 1193 1303 ipsa
1236 1249 1513 1303 praescribit,
1558 1250 1700 1292 omnia

180 1322 398 1364 subtiliter
429 1323 616 1364 discreta
658 1323 742 1364 iam
783 1326 874 1364 tum
907 1334 1002 1365 esse
1034 1322 1204 1365 dubites
1237 1322 1344 1378 (Cic.
1377 1322 1431 1365 de
1462 1335 1522 1365 or.
1557 1325 1595 1374 2,
1629 1325 1697 1365 76.

179 1394 310 1438 Arist.
344 1394 384 1438 S.
416 1395 466 1437 E.
501 1398 567 1446 33,
604 1395 688 1449 15).

293 1467 508 1510 Isocrates
540 1467 715 1522 ejusque
746 1468 943 1522 discipuli
975 1468 1210 1512 orationem
1241 1469 1284 1511 in
1316 1472 1519 1523 quattuor
1550 1468 1699 1522 partes

180 1540 450 1584 distribuisse
482 1554 534 1583 ex
564 1540 705 1583 verbis
736 1541 992 1584 Theodectis
1021 1542 1108 1584 iam
1140 1542 1329 1585 laudatis
1360 1546 1503 1596 patet,
1547 1541 1697 1585 confir-

179 1619 353 1668 matque
397 1613 623 1668 Dionysius
666 1613 738 1668 (de
770 1613 868 1668 Lys.
910 1614 1043 1657 Iudic.
1084 1614 1241 1657 Reiske
1274 1614 1321 1658 Ο.
1355 1616 1402 1657 A.
1436 1618 1475 1667 6,
1506 1628 1546 1669 p.
1584 1613 1697 1670 193).

179 1685 297 1726 Haec
350 1688 449 1727 sunt
500 1684 703 1739 προοίμιον
746 1685 804 1739 (p.
855 1689 952 1738 194)
1008 1687 1189 1740 διήγησιν
1240 1686 1342 1740 (lb.)
1385 1686 1532 1732 πίστεις
1575 1688 1698 1741 (197)

178 1755 359 1811 ἐπίλογος
401 1757 536 1812 (199).
609 1755 722 1808 Quos
763 1757 826 1800 ita
867 1762 1168 1811 repraesentat
1218 1757 1392 1802 Cicero:
1451 1758 1697 1816 „Orationis

179 1834 281 1883 quot
312 1834 411 1872 sunt
452 1830 630 1882 partes?
691 1830 912 1880 Quattuor.
981 1831 1141 1872 Eorum
1183 1831 1293 1873 duae
1325 1832 1470 1873 valent
1513 1832 1567 1874 ad
1606 1845 1699 1874 rem

179 1900 436 1955 docendam,
478 1902 670 1945 narratio
702 1906 746 1945 et
775 1900 1065 1954 confirmatio;
1113 1902 1169 1946 ad
1208 1902 1490 1957 impellendos
1533 1904 1698 1949 animos

178 1974 311 2030 duae,
363 1975 616 2028 principium
667 1979 711 2017 et
747 1976 991 2028 peroratio“
1038 1975 1173 2032 (Part.
1207 1981 1315 2019 orat.
1352 1982 1389 2031 l,
1421 1979 1478 2032 4).
1541 1978 1699 2033 Diony-

181 2047 271 2091 sius
302 2047 495 2101 quintam
526 2048 647 2101 ponit
685 2052 853 2101 partem
886 2048 1133 2104 (πρόθεσιν),
1173 2050 1292 2093 tenui
1336 2050 1471 2093 limite
1503 2050 1698 2107 divisam,

178 2131 285 2173 quae
318 2124 362 2162 et
390 2120 609 2173 prooemio
640 2125 684 2162 et
715 2121 954 2163 narrationi
986 2120 1139 2176 affinis,
1172 2123 1334 2165 arc-tius
1360 2127 1503 2166 tamen
1535 2124 1597 2166 illi
1629 2137 1698 2167 co-

176 2191 378 2241 haereat;
410 2197 454 2234 et
483 2192 547 2235 ita
578 2205 675 2235 esse
695 2193 761 2235 vel
793 2193 891 2236 inde
924 2195 1101 2248 colligas
1127 2196 1238 2248 quod
1270 2209 1354 2239 non
1384 2196 1498 2239 idem
1529 2196 1699 2240 videtur

176 2263 413 2306 orationem
444 2276 541 2306 esse
582 2263 886 2319 ἀπροοιμίαστον
920 2269 1048 2320 atque
1088 2280 1113 2309 a
1146 2268 1238 2309 sola
1270 2268 1463 2321 prothesi
1494 2268 1696 2323 incipere.

174 2335 309 2379 Porro
340 2336 445 2378 haec
476 2337 692 2389 prothesis
723 2337 767 2379 id
795 2343 989 2391 praestat
1020 2344 1069 2382 ut
1100 2340 1274 2383 auditor
1306 2341 1362 2383 sit
1386 2341 1551 2394 docilis,
1584 2342 1696 2396 quod

173 2408 288 2451 idem
319 2408 525 2462 prooemii
555 2421 704 2452 munus
736 2413 802 2453 est
834 2409 948 2467 (11).).
1009 2411 1073 2454 Ea
1116 2417 1216 2456 ante
1249 2414 1541 2457 narrationem
1571 2414 1697 2458 sedes

174 2482 328 2536 Lysiae
359 2481 520 2535 placuit
550 2482 749 2538 (μεθόριον
783 2516 791 2525 .
824 2516 831 2524 .
866 2517 874 2524 .
911 2517 919 2525 .
950 2486 977 2544 μἡ
1001 2486 1183 2541 πρόθεσις
1201 2501 1241 2540 p.
1266 2486 1377 2543 194).
1440 2488 1697 2542 Quadrupli-

176 2567 266 2597 cem
297 2554 547 2596 divisionem
578 2555 783 2597 usitatam
825 2569 920 2599 esse
950 2561 1139 2601 testatur
1171 2559 1449 2610 Aristoteles,
1494 2560 1587 2614 ipse
1619 2561 1696 2604 du-

173 2627 327 2681 plicem
356 2630 524 2669 tantum
553 2640 795 2681 proponens
827 2629 925 2684 (Rh.
960 2633 997 2682 3,
1034 2631 1104 2685 13)
1138 2632 1303 2674 scilicet
1334 2632 1557 2687 προοίμιον,
1599 2633 1699 2688 πρό-

175 2699 291 2752 θεσις,
324 2698 463 2749 πίστις,
496 2699 693 2754 ἐπίλογος.
758 2700 963 2744 Ordinem
993 2708 1161 2756 servat;
1199 2705 1360 2747 omittit
1391 2706 1696 2758 narrationem,

174 2784 285 2829 quae
326 2784 409 2817 non
439 2773 497 2842 ‘in
539 2773 682 2818 omnia
735 2774 971 2820 orationum
1020 2789 1182 2834 genera
1222 2778 1351 2822 cadat
1397 2780 1457 2834 (3,
1506 2782 1569 2835 16,
1612 2777 1696 2834 11).

1324 2870 1380 2912 1*
