<?xml version="1.0" encoding="UTF-8"?>
<!DOCTYPE html PUBLIC "-//W3C//DTD XHTML 1.0 Transitional//EN"
    "http://www.w3.org/TR/xhtml1/DTD/xhtml1-transitional.dtd">
<html xmlns="http://www.w3.org/1999/xhtml" xml:lang="en" lang="en">
 <head>
  <title>
</title>
<meta http-equiv="Content-Type" content="text/html;charset=utf-8" />
  <meta name='ocr-system' content='tesseract 3.04.00' />
  <meta name='ocr-capabilities' content='ocr_page ocr_carea ocr_par ocr_line ocrx_word'/>
</head>
<body>
  <div class='ocr_page' id='page_1' title='image "4627073_0047.png"; bbox 0 0 1910 3154; ppageno 0'>
   <div class='ocr_carea' id='block_1_1' title="bbox 971 126 1026 167">
    <p class='ocr_par' dir='ltr' id='par_1_1' title="bbox 971 126 1026 167">
     <span class='ocr_line' id='line_1_1' title="bbox 971 126 1026 167; baseline -0.036 0"><span class='ocrx_word' id='word_1_1' title='bbox 971 126 1026 167; x_wconf 88' lang='lat'>34</span> 
     </span>
    </p>
   </div>
   <div class='ocr_carea' id='block_1_2' title="bbox 238 234 1766 2461">
    <p class='ocr_par' dir='ltr' id='par_1_2' title="bbox 238 234 1757 717">
     <span class='ocr_line' id='line_1_2' title="bbox 240 234 1754 296; baseline -0.005 -14"><span class='ocrx_word' id='word_1_2' title='bbox 240 238 380 296; x_wconf 89' lang='lat' dir='ltr'>magis</span> <span class='ocrx_word' id='word_1_3' title='bbox 423 238 637 281; x_wconf 83' lang='lat' dir='ltr'>rhetorice</span> <span class='ocrx_word' id='word_1_4' title='bbox 667 237 795 290; x_wconf 79' lang='grc' dir='ltr'>λόγων</span> <span class='ocrx_word' id='word_1_5' title='bbox 838 235 1026 291; x_wconf 80' lang='grc' dir='ltr'>ἐλέγχους</span> <span class='ocrx_word' id='word_1_6' title='bbox 1057 235 1205 290; x_wconf 87' lang='lat' dir='ltr'>(Hipp.</span> <span class='ocrx_word' id='word_1_7' title='bbox 1241 238 1364 289; x_wconf 88' lang='lat'>1337,</span> <span class='ocrx_word' id='word_1_8' title='bbox 1395 234 1447 278; x_wconf 89' lang='lat' dir='ltr'>cf.</span> <span class='ocrx_word' id='word_1_9' title='bbox 1481 238 1577 288; x_wconf 90' lang='lat'>944,</span> <span class='ocrx_word' id='word_1_10' title='bbox 1612 234 1754 288; x_wconf 86' lang='lat'>1310).</span> 
     </span>
     <span class='ocr_line' id='line_1_3' title="bbox 238 306 1754 366; baseline -0.003 -11"><span class='ocrx_word' id='word_1_11' title='bbox 238 312 305 355; x_wconf 93' lang='lat' dir='ltr'>Ibi</span> <span class='ocrx_word' id='word_1_12' title='bbox 335 312 524 366; x_wconf 84' lang='lat' dir='ltr'><strong>proxime</strong></span> <span class='ocrx_word' id='word_1_13' title='bbox 556 311 610 354; x_wconf 91' lang='lat' dir='ltr'>ad</span> <span class='ocrx_word' id='word_1_14' title='bbox 641 324 763 354; x_wconf 88' lang='lat' dir='ltr'>usum</span> <span class='ocrx_word' id='word_1_15' title='bbox 795 310 1068 352; x_wconf 89' lang='lat' dir='ltr'>Anaximenis</span> <span class='ocrx_word' id='word_1_16' title='bbox 1100 309 1286 361; x_wconf 90' lang='lat' dir='ltr'>accedit,</span> <span class='ocrx_word' id='word_1_17' title='bbox 1328 306 1402 352; x_wconf 92' lang='lat' dir='ltr'>ubi</span> <span class='ocrx_word' id='word_1_18' title='bbox 1433 308 1608 352; x_wconf 88' lang='lat' dir='ltr'>dicitur:</span> <span class='ocrx_word' id='word_1_19' title='bbox 1640 308 1673 351; x_wconf 94' lang='grc' dir='ltr'>Ι.</span> <span class='ocrx_word' id='word_1_20' title='bbox 1707 307 1754 350; x_wconf 89' lang='lat' dir='ltr'>T.</span> 
     </span>
     <span class='ocr_line' id='line_1_4' title="bbox 245 378 1757 439; baseline -0.004 -13"><span class='ocrx_word' id='word_1_21' title='bbox 245 387 354 426; x_wconf 85' lang='lat'>1179</span> <span class='ocrx_word' id='word_1_22' title='bbox 385 382 579 439; x_wconf 83' lang='grc' dir='ltr'>ἤλεγχον,</span> <span class='ocrx_word' id='word_1_23' title='bbox 613 384 667 428; x_wconf 85' lang='grc' dir='ltr'>ὡς</span> <span class='ocrx_word' id='word_1_24' title='bbox 698 382 789 428; x_wconf 83' lang='grc' dir='ltr'>θεᾶς</span> <span class='ocrx_word' id='word_1_25' title='bbox 822 380 960 437; x_wconf 83' lang='grc' dir='ltr'>βρέτας</span> <span class='ocrx_word' id='word_1_26' title='bbox 991 378 1223 436; x_wconf 82' lang='grc' dir='ltr'>ἀπεστράφη</span> <span class='ocrx_word' id='word_1_27' title='bbox 1257 378 1385 421; x_wconf 85' lang='grc' dir='ltr'>πάλιν.</span> <span class='ocrx_word' id='word_1_28' title='bbox 1466 380 1550 422; x_wconf 85' lang='lat' dir='ltr'>Sed</span> <span class='ocrx_word' id='word_1_29' title='bbox 1578 380 1658 421; x_wconf 86' lang='lat' dir='ltr'>hoc</span> <span class='ocrx_word' id='word_1_30' title='bbox 1690 382 1757 421; x_wconf 81' lang='lat' dir='ltr'>est</span> 
     </span>
     <span class='ocr_line' id='line_1_5' title="bbox 239 452 1755 509; baseline -0.003 -10"><span class='ocrx_word' id='word_1_31' title='bbox 239 469 330 499; x_wconf 92' lang='lat' dir='ltr'>rem</span> <span class='ocrx_word' id='word_1_32' title='bbox 362 456 544 509; x_wconf 87' lang='lat' dir='ltr'>argutiis</span> <span class='ocrx_word' id='word_1_33' title='bbox 575 455 794 509; x_wconf 84' lang='lat' dir='ltr'>persequi:</span> <span class='ocrx_word' id='word_1_34' title='bbox 837 455 961 496; x_wconf 91' lang='lat' dir='ltr'>nimis</span> <span class='ocrx_word' id='word_1_35' title='bbox 992 458 1137 496; x_wconf 90' lang='lat' dir='ltr'>tamen</span> <span class='ocrx_word' id='word_1_36' title='bbox 1169 457 1353 509; x_wconf 87' lang='lat' dir='ltr'>angusta</span> <span class='ocrx_word' id='word_1_37' title='bbox 1386 456 1453 496; x_wconf 90' lang='lat' dir='ltr'>est</span> <span class='ocrx_word' id='word_1_38' title='bbox 1481 452 1755 495; x_wconf 88' lang='lat' dir='ltr'>Anaximenis</span> 
     </span>
     <span class='ocr_line' id='line_1_6' title="bbox 241 524 1756 581; baseline -0.004 -10"><span class='ocrx_word' id='word_1_39' title='bbox 241 526 388 571; x_wconf 91' lang='lat' dir='ltr'>finitio.</span> <span class='ocrx_word' id='word_1_40' title='bbox 461 527 555 570; x_wconf 88' lang='lat' dir='ltr'>Vox</span> <span class='ocrx_word' id='word_1_41' title='bbox 598 526 900 569; x_wconf 83' lang='lat' dir='ltr'>refutationem</span> <span class='ocrx_word' id='word_1_42' title='bbox 941 524 1156 581; x_wconf 88' lang='lat' dir='ltr'>significat</span> <span class='ocrx_word' id='word_1_43' title='bbox 1185 525 1229 567; x_wconf 91' lang='lat' dir='ltr'>in</span> <span class='ocrx_word' id='word_1_44' title='bbox 1259 524 1501 567; x_wconf 87' lang='lat' dir='ltr'>Heraclidis</span> <span class='ocrx_word' id='word_1_45' title='bbox 1533 528 1615 567; x_wconf 88' lang='lat'>905</span> <span class='ocrx_word' id='word_1_46' title='bbox 1648 526 1756 565; x_wconf 81' lang='grc' dir='ltr'>δεικ-</span> 
     </span>
     <span class='ocr_line' id='line_1_7' title="bbox 238 596 1755 657; baseline -0.001 -14"><span class='ocrx_word' id='word_1_47' title='bbox 238 602 415 657; x_wconf 80' lang='grc' dir='ltr'>νυμένων</span> <span class='ocrx_word' id='word_1_48' title='bbox 446 599 622 657; x_wconf 72' lang='grc' dir='ltr'>ἐλέγχων</span> <span class='ocrx_word' id='word_1_49' title='bbox 653 601 811 642; x_wconf 60' lang='grc' dir='ltr'>τῶνδε.»</span> <span class='ocrx_word' id='word_1_50' title='bbox 836 604 880 643; x_wconf 90' lang='lat' dir='ltr'>et</span> <span class='ocrx_word' id='word_1_51' title='bbox 900 600 943 642; x_wconf 92' lang='lat' dir='ltr'>in</span> <span class='ocrx_word' id='word_1_52' title='bbox 971 600 1213 655; x_wconf 84' lang='lat' dir='ltr'>fragmento</span> <span class='ocrx_word' id='word_1_53' title='bbox 1236 599 1427 642; x_wconf 84' lang='lat' dir='ltr'>incertae</span> <span class='ocrx_word' id='word_1_54' title='bbox 1448 598 1563 642; x_wconf 87' lang='lat' dir='ltr'>sedis</span> <span class='ocrx_word' id='word_1_55' title='bbox 1589 596 1755 654; x_wconf 87' lang='grc'>(1058),</span> 
     </span>
     <span class='ocr_line' id='line_1_8' title="bbox 240 671 999 717; baseline -0.004 0"><span class='ocrx_word' id='word_1_56' title='bbox 240 673 314 717; x_wconf 90' lang='lat' dir='ltr'>ubi</span> <span class='ocrx_word' id='word_1_57' title='bbox 345 677 467 717; x_wconf 88' lang='lat' dir='ltr'>tenes</span> <span class='ocrx_word' id='word_1_58' title='bbox 496 673 672 716; x_wconf 87' lang='lat' dir='ltr'>rhetora</span> <span class='ocrx_word' id='word_1_59' title='bbox 702 671 999 715; x_wconf 85' lang='lat' dir='ltr'>manifestum:</span> 
     </span>
    </p>

    <p class='ocr_par' dir='ltr' id='par_1_3' title="bbox 531 742 1343 800">
     <span class='ocr_line' id='line_1_9' title="bbox 531 742 1343 800; baseline -0.001 -15"><span class='ocrx_word' id='word_1_60' title='bbox 531 742 598 786; x_wconf 88' lang='grc' dir='ltr'>καὶ</span> <span class='ocrx_word' id='word_1_61' title='bbox 627 749 683 800; x_wconf 83' lang='grc' dir='ltr'>τῷ</span> <span class='ocrx_word' id='word_1_62' title='bbox 710 742 873 799; x_wconf 88' lang='grc' dir='ltr'>πάροντι</span> <span class='ocrx_word' id='word_1_63' title='bbox 902 742 1059 785; x_wconf 81' lang='grc' dir='ltr'>τούπιὸν</span> <span class='ocrx_word' id='word_1_64' title='bbox 1092 742 1343 799; x_wconf 81' lang='grc' dir='ltr'>πιστούμενοι</span> 
     </span>
    </p>

    <p class='ocr_par' dir='ltr' id='par_1_4' title="bbox 532 807 1456 872">
     <span class='ocr_line' id='line_1_10' title="bbox 532 807 1456 872; baseline -0.002 -15"><span class='ocrx_word' id='word_1_65' title='bbox 532 815 695 872; x_wconf 80' lang='grc' dir='ltr'>ἔλεγχον</span> <span class='ocrx_word' id='word_1_66' title='bbox 727 814 869 872; x_wconf 83' lang='grc' dir='ltr'>ἔλαβον</span> <span class='ocrx_word' id='word_1_67' title='bbox 899 819 969 870; x_wconf 79' lang='grc' dir='ltr'>τῆς</span> <span class='ocrx_word' id='word_1_68' title='bbox 998 814 1121 871; x_wconf 81' lang='grc' dir='ltr'>τύχης</span> <span class='ocrx_word' id='word_1_69' title='bbox 1152 815 1191 856; x_wconf 89' lang='grc' dir='ltr'>ἐν</span> <span class='ocrx_word' id='word_1_70' title='bbox 1222 807 1456 872; x_wconf 57' lang='grc' dir='ltr'>τῷ’παθεῖν.</span> 
     </span>
    </p>

    <p class='ocr_par' dir='ltr' id='par_1_5' title="bbox 241 886 1758 1364">
     <span class='ocr_line' id='line_1_11' title="bbox 360 886 1757 942; baseline -0.004 -9"><span class='ocrx_word' id='word_1_71' title='bbox 360 889 534 933; x_wconf 86' lang='lat' dir='ltr'>Scilicet</span> <span class='ocrx_word' id='word_1_72' title='bbox 577 887 752 942; x_wconf 80' lang='lat' dir='ltr'>superbi</span> <span class='ocrx_word' id='word_1_73' title='bbox 791 888 853 929; x_wconf 89' lang='lat' dir='ltr'>illi</span> <span class='ocrx_word' id='word_1_74' title='bbox 896 888 1153 930; x_wconf 90' lang='lat' dir='ltr'>concludunt</span> <span class='ocrx_word' id='word_1_75' title='bbox 1191 886 1442 942; x_wconf 83' lang='grc' dir='ltr'>πιστούμενοι</span> <span class='ocrx_word' id='word_1_76' title='bbox 1481 900 1532 929; x_wconf 92' lang='lat' dir='ltr'>ex</span> <span class='ocrx_word' id='word_1_77' title='bbox 1565 899 1613 929; x_wconf 91' lang='lat' dir='ltr'>eo</span> <span class='ocrx_word' id='word_1_78' title='bbox 1646 886 1757 941; x_wconf 91' lang='lat' dir='ltr'>quod</span> 
     </span>
     <span class='ocr_line' id='line_1_12' title="bbox 243 957 1755 1012; baseline -0.003 -9"><span class='ocrx_word' id='word_1_79' title='bbox 243 960 381 1003; x_wconf 90' lang='lat' dir='ltr'>adhuc</span> <span class='ocrx_word' id='word_1_80' title='bbox 421 959 570 1002; x_wconf 88' lang='lat' dir='ltr'>felices</span> <span class='ocrx_word' id='word_1_81' title='bbox 613 958 771 1001; x_wconf 88' lang='lat' dir='ltr'>fuerint</span> <span class='ocrx_word' id='word_1_82' title='bbox 815 971 860 1001; x_wconf 89' lang='lat' dir='ltr'>se</span> <span class='ocrx_word' id='word_1_83' title='bbox 903 971 1071 1012; x_wconf 86' lang='lat' dir='ltr'>semper</span> <span class='ocrx_word' id='word_1_84' title='bbox 1110 957 1202 1001; x_wconf 88' lang='lat' dir='ltr'>fore</span> <span class='ocrx_word' id='word_1_85' title='bbox 1245 958 1403 1001; x_wconf 87' lang='lat' dir='ltr'>felices.</span> <span class='ocrx_word' id='word_1_86' title='bbox 1480 957 1594 1000; x_wconf 88' lang='lat' dir='ltr'>Falsi</span> <span class='ocrx_word' id='word_1_87' title='bbox 1634 960 1755 1000; x_wconf 85' lang='lat' dir='ltr'>sunt:</span> 
     </span>
     <span class='ocr_line' id='line_1_13' title="bbox 244 1030 1758 1086; baseline -0.002 -10"><span class='ocrx_word' id='word_1_88' title='bbox 244 1033 550 1086; x_wconf 84' lang='lat' dir='ltr'>consequentia</span> <span class='ocrx_word' id='word_1_89' title='bbox 592 1031 904 1084; x_wconf 81' lang='lat' dir='ltr'>reprehendas,</span> <span class='ocrx_word' id='word_1_90' title='bbox 936 1044 1028 1073; x_wconf 91' lang='lat' dir='ltr'>cum</span> <span class='ocrx_word' id='word_1_91' title='bbox 1071 1032 1207 1084; x_wconf 84' lang='lat' dir='ltr'>prima</span> <span class='ocrx_word' id='word_1_92' title='bbox 1247 1031 1521 1073; x_wconf 85' lang='lat' dir='ltr'>concesseris.</span> <span class='ocrx_word' id='word_1_93' title='bbox 1583 1030 1663 1072; x_wconf 92' lang='lat' dir='ltr'>Hic</span> <span class='ocrx_word' id='word_1_94' title='bbox 1695 1031 1758 1073; x_wconf 93' lang='lat' dir='ltr'>lo-</span> 
     </span>
     <span class='ocr_line' id='line_1_14' title="bbox 243 1100 1755 1159; baseline -0.003 -12"><span class='ocrx_word' id='word_1_95' title='bbox 243 1117 317 1147; x_wconf 80' lang='lat' dir='ltr'>cus</span> <span class='ocrx_word' id='word_1_96' title='bbox 342 1104 562 1157; x_wconf 77' lang='lat' dir='ltr'>dispUtata</span> <span class='ocrx_word' id='word_1_97' title='bbox 581 1103 633 1145; x_wconf 85' lang='lat' dir='ltr'>de</span> <span class='ocrx_word' id='word_1_98' title='bbox 651 1100 825 1144; x_wconf 80' lang='lat' dir='ltr'>vocibus</span> <span class='ocrx_word' id='word_1_99' title='bbox 845 1102 1044 1157; x_wconf 75' lang='grc' dir='ltr'>πίστωσις,</span> <span class='ocrx_word' id='word_1_100' title='bbox 1077 1101 1241 1159; x_wconf 80' lang='grc' dir='ltr'>ἔλεγχος</span> <span class='ocrx_word' id='word_1_101' title='bbox 1260 1103 1371 1143; x_wconf 87' lang='grc' dir='ltr'>κ.τ.λ.</span> <span class='ocrx_word' id='word_1_102' title='bbox 1407 1103 1464 1156; x_wconf 89' lang='lat' dir='ltr'>(p.</span> <span class='ocrx_word' id='word_1_103' title='bbox 1482 1107 1520 1156; x_wconf 87' lang='lat'>9,</span> <span class='ocrx_word' id='word_1_104' title='bbox 1547 1115 1586 1155; x_wconf 89' lang='lat' dir='ltr'>p.</span> <span class='ocrx_word' id='word_1_105' title='bbox 1607 1106 1653 1144; x_wconf 93' lang='lat'>11</span> <span class='ocrx_word' id='word_1_106' title='bbox 1673 1103 1755 1156; x_wconf 85' lang='lat' dir='ltr'>sq.)</span> 
     </span>
     <span class='ocr_line' id='line_1_15' title="bbox 243 1175 1756 1229; baseline -0.001 -11"><span class='ocrx_word' id='word_1_107' title='bbox 243 1176 357 1229; x_wconf 92' lang='lat' dir='ltr'>apud</span> <span class='ocrx_word' id='word_1_108' title='bbox 387 1176 651 1229; x_wconf 83' lang='lat' dir='ltr'>antiquiores</span> <span class='ocrx_word' id='word_1_109' title='bbox 683 1175 789 1217; x_wconf 89' lang='lat' dir='ltr'>artis</span> <span class='ocrx_word' id='word_1_110' title='bbox 821 1175 1053 1228; x_wconf 85' lang='lat' dir='ltr'>scriptores</span> <span class='ocrx_word' id='word_1_111' title='bbox 1085 1175 1165 1229; x_wconf 90' lang='lat' dir='ltr'>(Pl.</span> <span class='ocrx_word' id='word_1_112' title='bbox 1197 1175 1379 1217; x_wconf 88' lang='lat' dir='ltr'>Phaedr.</span> <span class='ocrx_word' id='word_1_113' title='bbox 1413 1177 1494 1217; x_wconf 88' lang='grc'>266</span> <span class='ocrx_word' id='word_1_114' title='bbox 1511 1175 1567 1223; x_wconf 88' lang='lat' dir='ltr'>D)</span> <span class='ocrx_word' id='word_1_115' title='bbox 1599 1175 1756 1228; x_wconf 91' lang='lat' dir='ltr'>optime</span> 
     </span>
     <span class='ocr_line' id='line_1_16' title="bbox 242 1236 1758 1300; baseline -0.001 -11"><span class='ocrx_word' id='word_1_116' title='bbox 242 1248 444 1290; x_wconf 88' lang='lat' dir='ltr'>illustrat.</span> <span class='ocrx_word' id='word_1_117' title='bbox 506 1247 662 1289; x_wconf 90' lang='lat' dir='ltr'>Mirum</span> <span class='ocrx_word' id='word_1_118' title='bbox 694 1259 859 1300; x_wconf 92' lang='lat' dir='ltr'>quoque</span> <span class='ocrx_word' id='word_1_119' title='bbox 890 1247 1003 1288; x_wconf 92' lang='lat' dir='ltr'>inter</span> <span class='ocrx_word' id='word_1_120' title='bbox 1024 1247 1270 1300; x_wconf 88' lang='lat' dir='ltr'>Euripidem</span> <span class='ocrx_word' id='word_1_121' title='bbox 1302 1251 1346 1289; x_wconf 93' lang='lat' dir='ltr'>et</span> <span class='ocrx_word' id='word_1_122' title='bbox 1362 1236 1637 1289; x_wconf 80' lang='lat' dir='ltr'>Aristotelem</span> <span class='ocrx_word' id='word_1_123' title='bbox 1661 1259 1758 1290; x_wconf 91' lang='lat' dir='ltr'>con-</span> 
     </span>
     <span class='ocr_line' id='line_1_17' title="bbox 241 1319 574 1364; baseline -0.009 0"><span class='ocrx_word' id='word_1_124' title='bbox 241 1332 414 1364; x_wconf 92' lang='lat' dir='ltr'>sensum</span> <span class='ocrx_word' id='word_1_125' title='bbox 443 1319 574 1362; x_wconf 90' lang='lat' dir='ltr'>vides.</span> 
     </span>
    </p>

    <p class='ocr_par' dir='ltr' id='par_1_6' title="bbox 245 1390 1763 1955">
     <span class='ocr_line' id='line_1_18' title="bbox 361 1390 1760 1447; baseline 0.001 -13"><span class='ocrx_word' id='word_1_126' title='bbox 361 1392 426 1434; x_wconf 92' lang='lat' dir='ltr'>Ne</span> <span class='ocrx_word' id='word_1_127' title='bbox 459 1390 630 1434; x_wconf 87' lang='lat' dir='ltr'>dubites</span> <span class='ocrx_word' id='word_1_128' title='bbox 661 1392 759 1445; x_wconf 91' lang='lat' dir='ltr'>quin</span> <span class='ocrx_word' id='word_1_129' title='bbox 791 1392 1021 1445; x_wconf 89' lang='lat' dir='ltr'>Euripides</span> <span class='ocrx_word' id='word_1_130' title='bbox 1052 1393 1120 1434; x_wconf 89' lang='lat' dir='ltr'>via</span> <span class='ocrx_word' id='word_1_131' title='bbox 1151 1396 1194 1434; x_wconf 89' lang='lat' dir='ltr'>et</span> <span class='ocrx_word' id='word_1_132' title='bbox 1225 1396 1319 1435; x_wconf 89' lang='lat' dir='ltr'>arte</span> <span class='ocrx_word' id='word_1_133' title='bbox 1350 1394 1629 1447; x_wconf 89' lang='lat' dir='ltr'>processerit,</span> <span class='ocrx_word' id='word_1_134' title='bbox 1677 1405 1760 1435; x_wconf 91' lang='lat' dir='ltr'>non</span> 
     </span>
     <span class='ocr_line' id='line_1_19' title="bbox 245 1463 1758 1518; baseline 0.001 -11"><span class='ocrx_word' id='word_1_135' title='bbox 245 1465 374 1508; x_wconf 85' lang='lat' dir='ltr'>aliam</span> <span class='ocrx_word' id='word_1_136' title='bbox 406 1463 460 1507; x_wconf 96' lang='lat' dir='ltr'>ob</span> <span class='ocrx_word' id='word_1_137' title='bbox 494 1477 667 1507; x_wconf 88' lang='lat' dir='ltr'>causam</span> <span class='ocrx_word' id='word_1_138' title='bbox 697 1464 847 1507; x_wconf 88' lang='lat' dir='ltr'>laudat</span> <span class='ocrx_word' id='word_1_139' title='bbox 878 1477 974 1507; x_wconf 90' lang='lat' dir='ltr'>eum</span> <span class='ocrx_word' id='word_1_140' title='bbox 997 1464 1291 1517; x_wconf 86' lang='lat' dir='ltr'>Anaximenes,</span> <span class='ocrx_word' id='word_1_141' title='bbox 1325 1477 1448 1518; x_wconf 91' lang='lat' dir='ltr'>quem</span> <span class='ocrx_word' id='word_1_142' title='bbox 1469 1465 1671 1508; x_wconf 88' lang='lat' dir='ltr'>honorem</span> <span class='ocrx_word' id='word_1_143' title='bbox 1691 1478 1758 1508; x_wconf 91' lang='lat' dir='ltr'>so-</span> 
     </span>
     <span class='ocr_line' id='line_1_20' title="bbox 245 1535 1757 1592; baseline 0.001 -14"><span class='ocrx_word' id='word_1_144' title='bbox 245 1537 311 1580; x_wconf 89' lang='lat' dir='ltr'>lus</span> <span class='ocrx_word' id='word_1_145' title='bbox 346 1550 398 1578; x_wconf 91' lang='lat' dir='ltr'>ex</span> <span class='ocrx_word' id='word_1_146' title='bbox 429 1535 623 1579; x_wconf 91' lang='lat' dir='ltr'>omnibus</span> <span class='ocrx_word' id='word_1_147' title='bbox 653 1536 936 1589; x_wconf 89' lang='lat' dir='ltr'>scriptoribus</span> <span class='ocrx_word' id='word_1_148' title='bbox 966 1541 1094 1589; x_wconf 88' lang='lat' dir='ltr'>poeta</span> <span class='ocrx_word' id='word_1_149' title='bbox 1125 1542 1347 1579; x_wconf 88' lang='lat' dir='ltr'>assecutus</span> <span class='ocrx_word' id='word_1_150' title='bbox 1371 1541 1437 1579; x_wconf 89' lang='lat' dir='ltr'>est</span> <span class='ocrx_word' id='word_1_151' title='bbox 1468 1538 1521 1592; x_wconf 90' lang='lat' dir='ltr'>(c.</span> <span class='ocrx_word' id='word_1_152' title='bbox 1544 1541 1608 1591; x_wconf 89' lang='lat'>19,</span> <span class='ocrx_word' id='word_1_153' title='bbox 1627 1538 1695 1592; x_wconf 91' lang='grc'>14)</span> <span class='ocrx_word' id='word_1_154' title='bbox 1714 1537 1757 1592; x_wconf 87' lang='lat'>¹).</span> 
     </span>
     <span class='ocr_line' id='line_1_21' title="bbox 247 1607 1759 1664; baseline 0 -11"><span class='ocrx_word' id='word_1_155' title='bbox 247 1610 387 1653; x_wconf 88' lang='lat' dir='ltr'>Locus</span> <span class='ocrx_word' id='word_1_156' title='bbox 419 1623 470 1652; x_wconf 91' lang='lat' dir='ltr'>ex</span> <span class='ocrx_word' id='word_1_157' title='bbox 510 1613 639 1663; x_wconf 89' lang='lat' dir='ltr'>poeta</span> <span class='ocrx_word' id='word_1_158' title='bbox 680 1607 1028 1663; x_wconf 88' lang='lat' dir='ltr'>corruptissimus</span> <span class='ocrx_word' id='word_1_159' title='bbox 1058 1622 1228 1653; x_wconf 89' lang='lat' dir='ltr'>versum</span> <span class='ocrx_word' id='word_1_160' title='bbox 1260 1613 1455 1664; x_wconf 90' lang='lat' dir='ltr'>quartum</span> <span class='ocrx_word' id='word_1_161' title='bbox 1486 1609 1637 1653; x_wconf 90' lang='lat' dir='ltr'>leviter</span> <span class='ocrx_word' id='word_1_162' title='bbox 1667 1623 1759 1654; x_wconf 89' lang='lat' dir='ltr'>cor-</span> 
     </span>
     <span class='ocr_line' id='line_1_22' title="bbox 245 1681 1758 1738; baseline -0.001 -13"><span class='ocrx_word' id='word_1_163' title='bbox 245 1683 393 1737; x_wconf 72' lang='lat' dir='ltr'>rigunt</span> <span class='ocrx_word' id='word_1_164' title='bbox 413 1681 631 1735; x_wconf 83' lang='lat' dir='ltr'>Pflugkius</span> <span class='ocrx_word' id='word_1_165' title='bbox 663 1681 925 1736; x_wconf 77' lang='grc' dir='ltr'>ἐμφανιζέτω,</span> <span class='ocrx_word' id='word_1_166' title='bbox 961 1682 1170 1735; x_wconf 82' lang='lat' dir='ltr'>Sauppius</span> <span class='ocrx_word' id='word_1_167' title='bbox 1202 1682 1409 1737; x_wconf 73' lang='grc' dir='ltr'>ἐμφανίζει</span> <span class='ocrx_word' id='word_1_168' title='bbox 1439 1699 1512 1724; x_wconf 86' lang='grc' dir='ltr'>σοι.</span> <span class='ocrx_word' id='word_1_169' title='bbox 1572 1682 1664 1725; x_wconf 85' lang='lat' dir='ltr'>Vox</span> <span class='ocrx_word' id='word_1_170' title='bbox 1690 1683 1758 1738; x_wconf 84' lang='grc' dir='ltr'>ἐμ-</span> 
     </span>
     <span class='ocr_line' id='line_1_23' title="bbox 248 1753 1762 1812; baseline 0.001 -18"><span class='ocrx_word' id='word_1_171' title='bbox 248 1753 424 1810; x_wconf 77' lang='grc' dir='ltr'>φανίζειν</span> <span class='ocrx_word' id='word_1_172' title='bbox 466 1766 604 1807; x_wconf 89' lang='lat' dir='ltr'>paene</span> <span class='ocrx_word' id='word_1_173' title='bbox 644 1765 696 1794; x_wconf 87' lang='lat' dir='ltr'>ex</span> <span class='ocrx_word' id='word_1_174' title='bbox 738 1757 832 1795; x_wconf 88' lang='lat' dir='ltr'>arte</span> <span class='ocrx_word' id='word_1_175' title='bbox 864 1757 1076 1806; x_wconf 89' lang='lat' dir='ltr'>sumptum</span> <span class='ocrx_word' id='word_1_176' title='bbox 1108 1754 1287 1807; x_wconf 92' lang='lat' dir='ltr'>ideoque</span> <span class='ocrx_word' id='word_1_177' title='bbox 1318 1754 1569 1797; x_wconf 89' lang='lat' dir='ltr'>tenendum:</span> <span class='ocrx_word' id='word_1_178' title='bbox 1621 1759 1688 1812; x_wconf 69' lang='lat' dir='ltr'>ter</span> <span class='ocrx_word' id='word_1_179' title='bbox 1718 1756 1762 1796; x_wconf 92' lang='lat' dir='ltr'>in</span> 
     </span>
     <span class='ocr_line' id='line_1_24' title="bbox 246 1825 1761 1881; baseline 0 -12"><span class='ocrx_word' id='word_1_180' title='bbox 246 1840 329 1869; x_wconf 91' lang='lat' dir='ltr'>uno</span> <span class='ocrx_word' id='word_1_181' title='bbox 361 1827 502 1879; x_wconf 88' lang='lat' dir='ltr'>capite</span> <span class='ocrx_word' id='word_1_182' title='bbox 532 1826 815 1867; x_wconf 86' lang='lat' dir='ltr'>Anaximenes</span> <span class='ocrx_word' id='word_1_183' title='bbox 846 1825 977 1867; x_wconf 89' lang='lat' dir='ltr'>habet</span> <span class='ocrx_word' id='word_1_184' title='bbox 1009 1827 1067 1879; x_wconf 89' lang='lat'>(3,</span> <span class='ocrx_word' id='word_1_185' title='bbox 1100 1826 1147 1880; x_wconf 55' lang='grc' dir='ltr'>ἐξ</span> <span class='ocrx_word' id='word_1_186' title='bbox 1181 1830 1258 1880; x_wconf 86' lang='grc'>24,</span> <span class='ocrx_word' id='word_1_187' title='bbox 1293 1830 1358 1880; x_wconf 83' lang='lat'>25,</span> <span class='ocrx_word' id='word_1_188' title='bbox 1392 1827 1477 1881; x_wconf 85' lang='lat'>30).</span> <span class='ocrx_word' id='word_1_189' title='bbox 1553 1827 1602 1868; x_wconf 92' lang='lat' dir='ltr'>In</span> <span class='ocrx_word' id='word_1_190' title='bbox 1631 1828 1761 1869; x_wconf 88' lang='lat' dir='ltr'>tertio</span> 
     </span>
     <span class='ocr_line' id='line_1_25' title="bbox 246 1896 1763 1955; baseline -0.002 -13"><span class='ocrx_word' id='word_1_191' title='bbox 246 1910 371 1942; x_wconf 91' lang='lat' dir='ltr'>versu</span> <span class='ocrx_word' id='word_1_192' title='bbox 404 1910 481 1952; x_wconf 87' lang='lat' dir='ltr'>ego</span> <span class='ocrx_word' id='word_1_193' title='bbox 512 1898 768 1940; x_wconf 87' lang='lat' dir='ltr'>tentaverim</span> <span class='ocrx_word' id='word_1_194' title='bbox 801 1896 854 1952; x_wconf 82' lang='grc' dir='ltr'>μὴ</span> <span class='ocrx_word' id='word_1_195' title='bbox 889 1898 1036 1952; x_wconf 79' lang='grc' dir='ltr'>θυμοῦ,</span> <span class='ocrx_word' id='word_1_196' title='bbox 1080 1898 1132 1940; x_wconf 89' lang='lat' dir='ltr'>cf.</span> <span class='ocrx_word' id='word_1_197' title='bbox 1164 1899 1195 1940; x_wconf 95' lang='grc' dir='ltr'>Ι.</span> <span class='ocrx_word' id='word_1_198' title='bbox 1229 1899 1275 1940; x_wconf 93' lang='lat' dir='ltr'>T.</span> <span class='ocrx_word' id='word_1_199' title='bbox 1312 1902 1422 1941; x_wconf 93' lang='lat'>1474</span> <span class='ocrx_word' id='word_1_200' title='bbox 1454 1912 1514 1953; x_wconf 92' lang='lat' dir='ltr'>sq.</span> <span class='ocrx_word' id='word_1_201' title='bbox 1548 1898 1601 1955; x_wconf 82' lang='grc' dir='ltr'>μὴ</span> <span class='ocrx_word' id='word_1_202' title='bbox 1633 1900 1763 1955; x_wconf 81' lang='grc' dir='ltr'>θυμοῦ</span> 
     </span>
    </p>

    <p class='ocr_par' dir='ltr' id='par_1_7' title="bbox 246 1969 1766 2461">
     <span class='ocr_line' id='line_1_26' title="bbox 336 1969 1764 2028; baseline 0 -14"><span class='ocrx_word' id='word_1_203' title='bbox 336 2006 344 2014; x_wconf 91' lang='grc'><strong>.</strong></span> <span class='ocrx_word' id='word_1_204' title='bbox 380 2005 388 2013; x_wconf 96' lang='grc'><strong><em>.</em></strong></span> <span class='ocrx_word' id='word_1_205' title='bbox 422 1971 526 2017; x_wconf 80' lang='grc' dir='ltr'>ὅστις</span> <span class='ocrx_word' id='word_1_206' title='bbox 567 1969 696 2011; x_wconf 79' lang='grc' dir='ltr'>κλύων</span> <span class='ocrx_word' id='word_1_207' title='bbox 738 1972 849 2011; x_wconf 83' lang='grc' dir='ltr'>κ.τ.λ.</span> <span class='ocrx_word' id='word_1_208' title='bbox 893 1969 982 2026; x_wconf 78' lang='grc' dir='ltr'>οὐχὶ</span> <span class='ocrx_word' id='word_1_209' title='bbox 1023 1971 1232 2026; x_wconf 78' lang='grc' dir='ltr'>θυμοῦμαι.</span> <span class='ocrx_word' id='word_1_210' title='bbox 1317 1972 1506 2015; x_wconf 84' lang='lat' dir='ltr'>Verbum</span> <span class='ocrx_word' id='word_1_211' title='bbox 1547 1973 1764 2028; x_wconf 79' lang='grc' dir='ltr'>θυμοῦσθαι</span> 
     </span>
     <span class='ocr_line' id='line_1_27' title="bbox 249 2044 1763 2099; baseline 0.001 -11"><span class='ocrx_word' id='word_1_212' title='bbox 249 2045 421 2099; x_wconf 88' lang='lat' dir='ltr'>saepius</span> <span class='ocrx_word' id='word_1_213' title='bbox 453 2045 505 2087; x_wconf 92' lang='lat' dir='ltr'>de</span> <span class='ocrx_word' id='word_1_214' title='bbox 543 2044 807 2087; x_wconf 87' lang='lat' dir='ltr'>conciliando</span> <span class='ocrx_word' id='word_1_215' title='bbox 849 2045 996 2098; x_wconf 88' lang='lat' dir='ltr'>iraque</span> <span class='ocrx_word' id='word_1_216' title='bbox 1038 2045 1272 2088; x_wconf 89' lang='lat' dir='ltr'>avertanda</span> <span class='ocrx_word' id='word_1_217' title='bbox 1311 2044 1365 2088; x_wconf 88' lang='lat' dir='ltr'>ab</span> <span class='ocrx_word' id='word_1_218' title='bbox 1396 2045 1600 2099; x_wconf 88' lang='lat' dir='ltr'>Euripide</span> <span class='ocrx_word' id='word_1_219' title='bbox 1641 2058 1763 2089; x_wconf 90' lang='lat' dir='ltr'>usur-</span> 
     </span>
     <span class='ocr_line' id='line_1_28' title="bbox 249 2116 1765 2173; baseline 0.001 -12"><span class='ocrx_word' id='word_1_220' title='bbox 249 2122 410 2172; x_wconf 88' lang='lat' dir='ltr'>patum.</span> <span class='ocrx_word' id='word_1_221' title='bbox 445 2116 589 2171; x_wconf 85' lang='lat' dir='ltr'>Suppl.</span> <span class='ocrx_word' id='word_1_222' title='bbox 615 2120 712 2169; x_wconf 87' lang='lat'>476,</span> <span class='ocrx_word' id='word_1_223' title='bbox 744 2116 850 2159; x_wconf 88' lang='lat' dir='ltr'>Bell.</span> <span class='ocrx_word' id='word_1_224' title='bbox 875 2116 978 2173; x_wconf 87' lang='lat' dir='ltr'>frgt.</span> <span class='ocrx_word' id='word_1_225' title='bbox 1006 2120 1102 2170; x_wconf 85' lang='lat'>289,</span> <span class='ocrx_word' id='word_1_226' title='bbox 1133 2118 1288 2161; x_wconf 88' lang='lat' dir='ltr'>Bacch.</span> <span class='ocrx_word' id='word_1_227' title='bbox 1310 2122 1391 2162; x_wconf 89' lang='lat'>673</span> <span class='ocrx_word' id='word_1_228' title='bbox 1423 2120 1590 2173; x_wconf 89' lang='lat' dir='ltr'>(versus</span> <span class='ocrx_word' id='word_1_229' title='bbox 1621 2122 1765 2162; x_wconf 87' lang='lat' dir='ltr'>tamen</span> 
     </span>
     <span class='ocr_line' id='line_1_29' title="bbox 246 2188 1764 2245; baseline 0 -13"><span class='ocrx_word' id='word_1_230' title='bbox 246 2190 550 2244; x_wconf 80' lang='lat' dir='ltr'>interpolatus)</span> <span class='ocrx_word' id='word_1_231' title='bbox 585 2193 666 2231; x_wconf 82' lang='lat'>794</span> <span class='ocrx_word' id='word_1_232' title='bbox 699 2189 843 2243; x_wconf 82' lang='grc' dir='ltr'>(λόγων</span> <span class='ocrx_word' id='word_1_233' title='bbox 875 2188 1006 2231; x_wconf 81' lang='grc' dir='ltr'>κλύων</span> <span class='ocrx_word' id='word_1_234' title='bbox 1041 2191 1163 2244; x_wconf 83' lang='grc'>787),</span> <span class='ocrx_word' id='word_1_235' title='bbox 1196 2190 1298 2233; x_wconf 87' lang='lat' dir='ltr'>Hec.</span> <span class='ocrx_word' id='word_1_236' title='bbox 1331 2194 1427 2245; x_wconf 88' lang='lat'>403,</span> <span class='ocrx_word' id='word_1_237' title='bbox 1462 2194 1542 2233; x_wconf 86' lang='lat'>299</span> <span class='ocrx_word' id='word_1_238' title='bbox 1576 2190 1764 2232; x_wconf 80' lang='grc' dir='ltr'>διδάσκου</span> 
     </span>
     <span class='ocr_line' id='line_1_30' title="bbox 249 2261 1765 2318; baseline 0.002 -15"><span class='ocrx_word' id='word_1_239' title='bbox 249 2261 352 2318; x_wconf 80' lang='grc' dir='ltr'>μηδὲ</span> <span class='ocrx_word' id='word_1_240' title='bbox 383 2266 438 2318; x_wconf 80' lang='grc' dir='ltr'>τῷ</span> <span class='ocrx_word' id='word_1_241' title='bbox 470 2261 704 2317; x_wconf 81' lang='grc' dir='ltr'>θυμουμένῳ</span> <span class='ocrx_word' id='word_1_242' title='bbox 745 2263 855 2303; x_wconf 84' lang='grc' dir='ltr'>κ.τ.λ.</span> <span class='ocrx_word' id='word_1_243' title='bbox 900 2262 1057 2304; x_wconf 89' lang='lat' dir='ltr'>Phoen.</span> <span class='ocrx_word' id='word_1_244' title='bbox 1096 2266 1333 2305; x_wconf 84' lang='lat'>1448—49.</span> <span class='ocrx_word' id='word_1_245' title='bbox 1405 2263 1765 2307; x_wconf 86' lang='lat' dir='ltr'>Consuetudinem</span> 
     </span>
     <span class='ocr_line' id='line_1_31' title="bbox 249 2332 1766 2388; baseline 0.001 -10"><span class='ocrx_word' id='word_1_246' title='bbox 249 2336 392 2387; x_wconf 81' lang='lat' dir='ltr'>vides3</span> <span class='ocrx_word' id='word_1_247' title='bbox 425 2334 597 2378; x_wconf 88' lang='lat' dir='ltr'>dubites</span> <span class='ocrx_word' id='word_1_248' title='bbox 630 2347 683 2377; x_wconf 90' lang='lat' dir='ltr'>an</span> <span class='ocrx_word' id='word_1_249' title='bbox 714 2332 968 2377; x_wconf 88' lang='lat' dir='ltr'>vocabulum</span> <span class='ocrx_word' id='word_1_250' title='bbox 999 2334 1104 2377; x_wconf 90' lang='lat' dir='ltr'>artis</span> <span class='ocrx_word' id='word_1_251' title='bbox 1129 2335 1186 2377; x_wconf 87' lang='lat' dir='ltr'>sit</span> <span class='ocrx_word' id='word_1_252' title='bbox 1204 2334 1435 2388; x_wconf 87' lang='lat' dir='ltr'>proprium.</span> <span class='ocrx_word' id='word_1_253' title='bbox 1483 2336 1766 2379; x_wconf 86' lang='lat' dir='ltr'>Anaximenes</span> 
     </span>
     <span class='ocr_line' id='line_1_32' title="bbox 249 2407 1766 2461; baseline 0.001 -10"><span class='ocrx_word' id='word_1_254' title='bbox 249 2412 394 2452; x_wconf 89' lang='lat' dir='ltr'>autem</span> <span class='ocrx_word' id='word_1_255' title='bbox 425 2421 519 2451; x_wconf 92' lang='lat' dir='ltr'>eum</span> <span class='ocrx_word' id='word_1_256' title='bbox 550 2408 712 2459; x_wconf 87' lang='lat' dir='ltr'>laudat,</span> <span class='ocrx_word' id='word_1_257' title='bbox 745 2407 857 2461; x_wconf 92' lang='lat' dir='ltr'>quod</span> <span class='ocrx_word' id='word_1_258' title='bbox 882 2420 928 2450; x_wconf 91' lang='lat' dir='ltr'>se</span> <span class='ocrx_word' id='word_1_259' title='bbox 948 2408 989 2449; x_wconf 88' lang='lat' dir='ltr'>in</span> <span class='ocrx_word' id='word_1_260' title='bbox 1012 2411 1112 2450; x_wconf 86' lang='lat' dir='ltr'>ante</span> <span class='ocrx_word' id='word_1_261' title='bbox 1134 2408 1377 2461; x_wconf 90' lang='lat' dir='ltr'>occupando</span> <span class='ocrx_word' id='word_1_262' title='bbox 1397 2407 1604 2451; x_wconf 89' lang='lat' dir='ltr'>artificem</span> <span class='ocrx_word' id='word_1_263' title='bbox 1623 2414 1766 2452; x_wconf 85' lang='lat' dir='ltr'>osten-</span> 
     </span>
    </p>
   </div>
   <div class='ocr_carea' id='block_1_3' title="bbox 248 2500 500 2505">
    <p class='ocr_par' dir='ltr' id='par_1_8' title="bbox 248 2500 500 2505">
     <span class='ocr_line' id='line_1_33' title="bbox 248 2500 500 2505; baseline 0 0"><span class='ocrx_word' id='word_1_264' title='bbox 248 2500 500 2505; x_wconf 95' lang='lat' dir='ltr'> </span> 
     </span>
    </p>
   </div>
   <div class='ocr_carea' id='block_1_4' title="bbox 347 2547 1322 2908">
    <p class='ocr_par' dir='ltr' id='par_1_9' title="bbox 347 2547 1322 2908">
     <span class='ocr_line' id='line_1_34' title="bbox 347 2547 1322 2592; baseline 0.001 -11"><span class='ocrx_word' id='word_1_265' title='bbox 347 2548 381 2590; x_wconf 92' lang='lat'>1)</span> <span class='ocrx_word' id='word_1_266' title='bbox 408 2547 527 2582; x_wconf 89' lang='lat' dir='ltr'>Locus</span> <span class='ocrx_word' id='word_1_267' title='bbox 554 2557 598 2581; x_wconf 88' lang='lat' dir='ltr'>ex</span> <span class='ocrx_word' id='word_1_268' title='bbox 625 2549 741 2582; x_wconf 86' lang='lat' dir='ltr'>Anax.</span> <span class='ocrx_word' id='word_1_269' title='bbox 774 2549 826 2591; x_wconf 87' lang='lat'>19,</span> <span class='ocrx_word' id='word_1_270' title='bbox 856 2548 899 2582; x_wconf 84' lang='lat'>14</span> <span class='ocrx_word' id='word_1_271' title='bbox 925 2547 978 2582; x_wconf 86' lang='lat' dir='ltr'>ita</span> <span class='ocrx_word' id='word_1_272' title='bbox 1003 2548 1039 2581; x_wconf 91' lang='lat' dir='ltr'>in</span> <span class='ocrx_word' id='word_1_273' title='bbox 1065 2548 1136 2581; x_wconf 65' lang='lat' dir='ltr'>MSS</span> <span class='ocrx_word' id='word_1_274' title='bbox 1163 2548 1322 2592; x_wconf 87' lang='lat' dir='ltr'>scriptus</span> 
     </span>
     <span class='ocr_line' id='line_1_35' title="bbox 438 2607 1233 2656; baseline -0.001 -13"><span class='ocrx_word' id='word_1_275' title='bbox 438 2607 619 2656; x_wconf 76' lang='grc' dir='ltr'>Εὐριπίδης</span> <span class='ocrx_word' id='word_1_276' title='bbox 645 2609 677 2643; x_wconf 83' lang='grc' dir='ltr'>ἐν</span> <span class='ocrx_word' id='word_1_277' title='bbox 704 2607 899 2656; x_wconf 82' lang='grc' dir='ltr'>Φιλοκτήτη</span> <span class='ocrx_word' id='word_1_278' title='bbox 926 2613 1090 2656; x_wconf 77' lang='grc' dir='ltr'>τεχνικῶς</span> <span class='ocrx_word' id='word_1_279' title='bbox 1116 2634 1125 2642; x_wconf 92' lang='grc'><strong>.</strong></span> <span class='ocrx_word' id='word_1_280' title='bbox 1152 2634 1161 2642; x_wconf 91' lang='grc'><strong>.</strong></span> <span class='ocrx_word' id='word_1_281' title='bbox 1189 2634 1197 2642; x_wconf 92' lang='grc'><em>.</em></span> <span class='ocrx_word' id='word_1_282' title='bbox 1224 2634 1233 2642; x_wconf 90' lang='grc'><strong>.</strong></span> 
     </span>
     <span class='ocr_line' id='line_1_36' title="bbox 486 2670 1245 2720; baseline 0 -14"><span class='ocrx_word' id='word_1_283' title='bbox 486 2671 582 2712; x_wconf 80' lang='grc' dir='ltr'>Λέξω</span> <span class='ocrx_word' id='word_1_284' title='bbox 609 2671 636 2706; x_wconf 81' lang='grc' dir='ltr'>δ’</span> <span class='ocrx_word' id='word_1_285' title='bbox 666 2672 732 2719; x_wconf 78' lang='grc' dir='ltr'>ἐγώ</span> <span class='ocrx_word' id='word_1_286' title='bbox 758 2672 821 2706; x_wconf 83' lang='grc' dir='ltr'>κᾶν</span> <span class='ocrx_word' id='word_1_287' title='bbox 849 2684 913 2717; x_wconf 87' lang='grc' dir='ltr'>μου</span> <span class='ocrx_word' id='word_1_288' title='bbox 940 2670 1133 2720; x_wconf 78' lang='grc' dir='ltr'>διαφθείρας</span> <span class='ocrx_word' id='word_1_289' title='bbox 1160 2672 1245 2720; x_wconf 76' lang='grc' dir='ltr'>δοκῇ</span> 
     </span>
     <span class='ocr_line' id='line_1_37' title="bbox 487 2722 1130 2782; baseline -0.002 -13"><span class='ocrx_word' id='word_1_290' title='bbox 487 2734 605 2781; x_wconf 86' lang='grc' dir='ltr'>λόγους</span> <span class='ocrx_word' id='word_1_291' title='bbox 629 2722 772 2773; x_wconf 58' lang='lat' dir='ltr'>banaia&lt;</span> <span class='ocrx_word' id='word_1_292' title='bbox 798 2734 899 2773; x_wconf 74' lang='grc' dir='ltr'>αὐτὸς</span> <span class='ocrx_word' id='word_1_293' title='bbox 924 2734 1130 2782; x_wconf 80' lang='grc' dir='ltr'>ἠδικηκέναι.</span> 
     </span>
     <span class='ocr_line' id='line_1_38' title="bbox 486 2796 1268 2846; baseline 0.001 -14"><span class='ocrx_word' id='word_1_294' title='bbox 486 2796 579 2832; x_wconf 77' lang='grc' dir='ltr'>Ἀλλ’</span> <span class='ocrx_word' id='word_1_295' title='bbox 611 2797 643 2838; x_wconf 75' lang='grc' dir='ltr'>ἐξ</span> <span class='ocrx_word' id='word_1_296' title='bbox 667 2798 750 2844; x_wconf 81' lang='grc' dir='ltr'>ἐμοῦ</span> <span class='ocrx_word' id='word_1_297' title='bbox 776 2799 837 2846; x_wconf 83' lang='grc' dir='ltr'>γὰρ</span> <span class='ocrx_word' id='word_1_298' title='bbox 862 2799 952 2844; x_wconf 85' lang='grc' dir='ltr'>τάμὰ</span> <span class='ocrx_word' id='word_1_299' title='bbox 978 2797 1116 2846; x_wconf 76' lang='grc' dir='ltr'>μαθήσῃ</span> <span class='ocrx_word' id='word_1_300' title='bbox 1144 2797 1268 2840; x_wconf 72' lang='grc' dir='ltr'>κλύων,</span> 
     </span>
     <span class='ocr_line' id='line_1_39' title="bbox 487 2859 1210 2908; baseline -0.001 -12"><span class='ocrx_word' id='word_1_301' title='bbox 487 2860 504 2896; x_wconf 83' lang='grc' dir='ltr'>ὁ</span> <span class='ocrx_word' id='word_1_302' title='bbox 532 2859 558 2896; x_wconf 82' lang='grc' dir='ltr'>δ’</span> <span class='ocrx_word' id='word_1_303' title='bbox 591 2859 691 2898; x_wconf 72' lang='grc' dir='ltr'>αὐτὸς</span> <span class='ocrx_word' id='word_1_304' title='bbox 717 2860 817 2895; x_wconf 79' lang='grc' dir='ltr'>αὑτον</span> <span class='ocrx_word' id='word_1_305' title='bbox 843 2861 996 2908; x_wconf 81' lang='grc' dir='ltr'>ἐμφανιεῖ</span> <span class='ocrx_word' id='word_1_306' title='bbox 1020 2872 1069 2895; x_wconf 89' lang='grc' dir='ltr'>σοι</span> <span class='ocrx_word' id='word_1_307' title='bbox 1094 2861 1210 2908; x_wconf 83' lang='grc' dir='ltr'>λεγων.</span> 
     </span>
    </p>
   </div>
  </div>
 </body>
</html>
