<?xml version="1.0" encoding="UTF-8"?>
<!DOCTYPE html PUBLIC "-//W3C//DTD XHTML 1.0 Transitional//EN"
    "http://www.w3.org/TR/xhtml1/DTD/xhtml1-transitional.dtd">
<html xmlns="http://www.w3.org/1999/xhtml" xml:lang="en" lang="en">
 <head>
  <title>
</title>
<meta http-equiv="Content-Type" content="text/html;charset=utf-8" />
  <meta name='ocr-system' content='tesseract 3.04.00' />
  <meta name='ocr-capabilities' content='ocr_page ocr_carea ocr_par ocr_line ocrx_word'/>
</head>
<body>
  <div class='ocr_page' id='page_1' title='image "4627073_0031.png"; bbox 0 0 1910 3154; ppageno 0'>
   <div class='ocr_carea' id='block_1_1' title="bbox 950 51 1006 91">
    <p class='ocr_par' dir='ltr' id='par_1_1' title="bbox 950 51 1006 91">
     <span class='ocr_line' id='line_1_1' title="bbox 950 51 1006 91; baseline 0.018 -1"><span class='ocrx_word' id='word_1_1' title='bbox 950 51 1006 91; x_wconf 82' lang='lat'>18</span> 
     </span>
    </p>
   </div>
   <div class='ocr_carea' id='block_1_2' title="bbox 212 163 1798 2841">
    <p class='ocr_par' dir='ltr' id='par_1_2' title="bbox 212 163 1783 517">
     <span class='ocr_line' id='line_1_2' title="bbox 212 163 1739 221; baseline 0.002 -14"><span class='ocrx_word' id='word_1_2' title='bbox 212 163 417 208; x_wconf 83' lang='lat' dir='ltr'>Narratio</span> <span class='ocrx_word' id='word_1_3' title='bbox 448 164 562 208; x_wconf 89' lang='lat' dir='ltr'>nuda</span> <span class='ocrx_word' id='word_1_4' title='bbox 592 163 752 208; x_wconf 88' lang='lat' dir='ltr'>factum</span> <span class='ocrx_word' id='word_1_5' title='bbox 782 164 1007 219; x_wconf 84' lang='lat' dir='ltr'>proponit,</span> <span class='ocrx_word' id='word_1_6' title='bbox 1055 165 1232 221; x_wconf 89' lang='lat' dir='ltr'>egregio</span> <span class='ocrx_word' id='word_1_7' title='bbox 1269 168 1414 210; x_wconf 90' lang='lat' dir='ltr'>tamen</span> <span class='ocrx_word' id='word_1_8' title='bbox 1457 166 1644 210; x_wconf 89' lang='lat' dir='ltr'>transitu</span> <span class='ocrx_word' id='word_1_9' title='bbox 1674 166 1739 209; x_wconf 89' lang='lat' dir='ltr'>in-</span> 
     </span>
     <span class='ocr_line' id='line_1_3' title="bbox 214 236 1735 295; baseline 0.001 -14"><span class='ocrx_word' id='word_1_10' title='bbox 214 238 356 281; x_wconf 90' lang='lat' dir='ltr'>ducta.</span> <span class='ocrx_word' id='word_1_11' title='bbox 416 236 646 293; x_wconf 87' lang='lat' dir='ltr'>Probati0,</span> <span class='ocrx_word' id='word_1_12' title='bbox 688 242 738 282; x_wconf 90' lang='lat' dir='ltr'>ut</span> <span class='ocrx_word' id='word_1_13' title='bbox 768 250 839 281; x_wconf 92' lang='lat' dir='ltr'>res</span> <span class='ocrx_word' id='word_1_14' title='bbox 870 238 1085 291; x_wconf 87' lang='lat' dir='ltr'>postulat,</span> <span class='ocrx_word' id='word_1_15' title='bbox 1127 241 1222 281; x_wconf 87' lang='lat' dir='ltr'>tota</span> <span class='ocrx_word' id='word_1_16' title='bbox 1251 238 1294 281; x_wconf 93' lang='lat' dir='ltr'>in</span> <span class='ocrx_word' id='word_1_17' title='bbox 1326 243 1427 283; x_wconf 91' lang='lat' dir='ltr'>ante</span> <span class='ocrx_word' id='word_1_18' title='bbox 1458 239 1735 295; x_wconf 82' lang='lat' dir='ltr'>occupatione</span> 
     </span>
     <span class='ocr_line' id='line_1_4' title="bbox 213 309 1737 366; baseline 0.001 -13"><span class='ocrx_word' id='word_1_19' title='bbox 213 311 400 364; x_wconf 92' lang='lat' dir='ltr'>ponitur.</span> <span class='ocrx_word' id='word_1_20' title='bbox 474 310 566 354; x_wconf 89' lang='lat' dir='ltr'>Vox</span> <span class='ocrx_word' id='word_1_21' title='bbox 605 309 787 366; x_wconf 79' lang='grc' dir='ltr'>ἐνθύμιον</span> <span class='ocrx_word' id='word_1_22' title='bbox 827 310 1081 353; x_wconf 89' lang='lat' dir='ltr'>transeundi</span> <span class='ocrx_word' id='word_1_23' title='bbox 1126 311 1181 354; x_wconf 91' lang='lat' dir='ltr'>ad</span> <span class='ocrx_word' id='word_1_24' title='bbox 1231 312 1425 365; x_wconf 87' lang='lat' dir='ltr'>proxima</span> <span class='ocrx_word' id='word_1_25' title='bbox 1471 313 1737 357; x_wconf 79' lang='lat' dir='ltr'>occasionem</span> 
     </span>
     <span class='ocr_line' id='line_1_5' title="bbox 213 381 1783 439; baseline 0 -12"><span class='ocrx_word' id='word_1_26' title='bbox 213 382 416 438; x_wconf 82' lang='lat' dir='ltr'>praebet,</span> <span class='ocrx_word' id='word_1_27' title='bbox 463 397 515 426; x_wconf 87' lang='lat' dir='ltr'>ex</span> <span class='ocrx_word' id='word_1_28' title='bbox 546 396 630 438; x_wconf 92' lang='lat' dir='ltr'>qua</span> <span class='ocrx_word' id='word_1_29' title='bbox 660 384 810 438; x_wconf 84' lang='lat' dir='ltr'>incipit</span> <span class='ocrx_word' id='word_1_30' title='bbox 842 383 1060 437; x_wconf 85' lang='lat' dir='ltr'>epilogus,</span> <span class='ocrx_word' id='word_1_31' title='bbox 1107 381 1180 426; x_wconf 93' lang='lat' dir='ltr'>ubi</span> <span class='ocrx_word' id='word_1_32' title='bbox 1210 384 1327 427; x_wconf 92' lang='lat' dir='ltr'>nulla</span> <span class='ocrx_word' id='word_1_33' title='bbox 1359 388 1426 427; x_wconf 88' lang='lat' dir='ltr'>est</span> <span class='ocrx_word' id='word_1_34' title='bbox 1456 384 1735 439; x_wconf 85' lang='lat' dir='ltr'>enumeratio,</span> <span class='ocrx_word' id='word_1_35' title='bbox 1781 432 1783 434; x_wconf 50' lang='grc'>,</span> 
     </span>
     <span class='ocr_line' id='line_1_6' title="bbox 215 455 1228 517; baseline -0.003 -16"><span class='ocrx_word' id='word_1_36' title='bbox 215 457 363 501; x_wconf 87' lang='lat' dir='ltr'>orator</span> <span class='ocrx_word' id='word_1_37' title='bbox 392 460 562 517; x_wconf 80' lang='lat' dir='ltr'>tantum</span> <span class='ocrx_word' id='word_1_38' title='bbox 592 457 659 500; x_wconf 91' lang='lat' dir='ltr'>ius</span> <span class='ocrx_word' id='word_1_39' title='bbox 690 457 843 511; x_wconf 91' lang='lat' dir='ltr'>poscit,</span> <span class='ocrx_word' id='word_1_40' title='bbox 876 455 1046 502; x_wconf 86' lang='lat' dir='ltr'>affectus</span> <span class='ocrx_word' id='word_1_41' title='bbox 1076 459 1228 499; x_wconf 91' lang='lat' dir='ltr'>movet.</span> 
     </span>
    </p>

    <p class='ocr_par' dir='ltr' id='par_1_3' title="bbox 213 528 1736 951">
     <span class='ocr_line' id='line_1_7' title="bbox 334 528 1735 584; baseline -0.001 -11"><span class='ocrx_word' id='word_1_42' title='bbox 334 530 548 581; x_wconf 86' lang='lat' dir='ltr'>Quantum</span> <span class='ocrx_word' id='word_1_43' title='bbox 569 528 623 572; x_wconf 91' lang='lat' dir='ltr'>ab</span> <span class='ocrx_word' id='word_1_44' title='bbox 649 530 860 584; x_wconf 83' lang='lat' dir='ltr'>Aeschylo</span> <span class='ocrx_word' id='word_1_45' title='bbox 888 530 1019 573; x_wconf 90' lang='lat' dir='ltr'>distet</span> <span class='ocrx_word' id='word_1_46' title='bbox 1049 528 1155 572; x_wconf 90' lang='lat' dir='ltr'>haec</span> <span class='ocrx_word' id='word_1_47' title='bbox 1188 529 1360 583; x_wconf 89' lang='lat' dir='ltr'>copiosa</span> <span class='ocrx_word' id='word_1_48' title='bbox 1381 528 1735 584; x_wconf 85' lang='lat' dir='ltr'>breviloquentia,</span> 
     </span>
     <span class='ocr_line' id='line_1_8' title="bbox 213 601 1735 658; baseline -0.001 -12"><span class='ocrx_word' id='word_1_49' title='bbox 213 606 349 657; x_wconf 90' lang='lat' dir='ltr'>patet.</span> <span class='ocrx_word' id='word_1_50' title='bbox 413 602 508 646; x_wconf 92' lang='lat' dir='ltr'>Non</span> <span class='ocrx_word' id='word_1_51' title='bbox 548 602 686 645; x_wconf 91' lang='lat' dir='ltr'>minor</span> <span class='ocrx_word' id='word_1_52' title='bbox 728 602 772 644; x_wconf 91' lang='lat' dir='ltr'>in</span> <span class='ocrx_word' id='word_1_53' title='bbox 812 601 954 646; x_wconf 88' lang='lat' dir='ltr'>verbis</span> <span class='ocrx_word' id='word_1_54' title='bbox 997 602 1206 658; x_wconf 83' lang='lat' dir='ltr'>eligendis</span> <span class='ocrx_word' id='word_1_55' title='bbox 1252 602 1460 646; x_wconf 82' lang='lat' dir='ltr'>distantia</span> <span class='ocrx_word' id='word_1_56' title='bbox 1503 605 1582 646; x_wconf 88' lang='lat' dir='ltr'>est.</span> <span class='ocrx_word' id='word_1_57' title='bbox 1642 601 1735 645; x_wconf 88' lang='lat' dir='ltr'>Vox</span> 
     </span>
     <span class='ocr_line' id='line_1_9' title="bbox 213 663 1735 733; baseline -0.002 -13"><span class='ocrx_word' id='word_1_58' title='bbox 213 677 307 720; x_wconf 83' lang='lat' dir='ltr'>voci</span> <span class='ocrx_word' id='word_1_59' title='bbox 336 676 610 720; x_wconf 78' lang='lat' dir='ltr'>Viam.struit</span> <span class='ocrx_word' id='word_1_60' title='bbox 642 663 1025 732; x_wconf 54' lang='lat' dir='ltr'>(dtis-(ptossnfflotpov,</span> <span class='ocrx_word' id='word_1_61' title='bbox 1060 676 1375 733; x_wconf 78' lang='grc' dir='ltr'>ἀμφισβητήσειν</span> <span class='ocrx_word' id='word_1_62' title='bbox 1408 702 1464 706; x_wconf 91' lang='lat'>—</span> <span class='ocrx_word' id='word_1_63' title='bbox 1485 676 1623 718; x_wconf 78' lang='grc' dir='ltr'><strong>ἑκόντα</strong></span> <span class='ocrx_word' id='word_1_64' title='bbox 1654 674 1735 732; x_wconf 79' lang='grc' dir='ltr'>μὲν,</span> 
     </span>
     <span class='ocr_line' id='line_1_10' title="bbox 217 746 1736 805; baseline 0 -14"><span class='ocrx_word' id='word_1_65' title='bbox 217 748 363 791; x_wconf 80' lang='grc' dir='ltr'><strong>ἄκοντα</strong></span> <span class='ocrx_word' id='word_1_66' title='bbox 404 749 447 790; x_wconf 84' lang='grc' dir='ltr'>δέ</span> <span class='ocrx_word' id='word_1_67' title='bbox 486 775 540 779; x_wconf 89' lang='grc'>-</span> <span class='ocrx_word' id='word_1_68' title='bbox 579 746 797 805; x_wconf 79' lang='grc' dir='ltr'>εἴργοντας,</span> <span class='ocrx_word' id='word_1_69' title='bbox 843 747 1004 805; x_wconf 79' lang='grc' dir='ltr'>εἴργει);</span> <span class='ocrx_word' id='word_1_70' title='bbox 1047 748 1176 792; x_wconf 88' lang='lat' dir='ltr'>verba</span> <span class='ocrx_word' id='word_1_71' title='bbox 1217 761 1240 791; x_wconf 84' lang='lat' dir='ltr'>e</span> <span class='ocrx_word' id='word_1_72' title='bbox 1282 750 1497 793; x_wconf 83' lang='lat' dir='ltr'>contrario</span> <span class='ocrx_word' id='word_1_73' title='bbox 1538 749 1736 804; x_wconf 73' lang='lat' dir='ltr'>opposita</span> 
     </span>
     <span class='ocr_line' id='line_1_11' title="bbox 216 820 1736 878; baseline -0.003 -12"><span class='ocrx_word' id='word_1_74' title='bbox 216 822 352 866; x_wconf 80' lang='lat' dir='ltr'>habes</span> <span class='ocrx_word' id='word_1_75' title='bbox 384 822 558 878; x_wconf 83' lang='grc' dir='ltr'>(ἑκόντος</span> <span class='ocrx_word' id='word_1_76' title='bbox 590 820 740 877; x_wconf 79' lang='grc' dir='ltr'>ἄκων);</span> <span class='ocrx_word' id='word_1_77' title='bbox 773 823 940 865; x_wconf 88' lang='lat' dir='ltr'>omnino</span> <span class='ocrx_word' id='word_1_78' title='bbox 970 820 1013 863; x_wconf 83' lang='grc' dir='ltr'>τὸ</span> <span class='ocrx_word' id='word_1_79' title='bbox 1047 822 1295 877; x_wconf 81' lang='grc' dir='ltr'>στρόγγυλον,</span> <span class='ocrx_word' id='word_1_80' title='bbox 1336 822 1463 865; x_wconf 90' lang='lat' dir='ltr'>immo</span> <span class='ocrx_word' id='word_1_81' title='bbox 1492 820 1535 863; x_wconf 84' lang='grc' dir='ltr'>τὸ</span> <span class='ocrx_word' id='word_1_82' title='bbox 1567 821 1736 875; x_wconf 84' lang='grc' dir='ltr'>ἀστεῖον,</span> 
     </span>
     <span class='ocr_line' id='line_1_12' title="bbox 217 894 825 951; baseline -0.002 -12"><span class='ocrx_word' id='word_1_83' title='bbox 217 896 344 951; x_wconf 90' lang='lat' dir='ltr'>quale</span> <span class='ocrx_word' id='word_1_84' title='bbox 375 896 419 938; x_wconf 91' lang='lat' dir='ltr'>in</span> <span class='ocrx_word' id='word_1_85' title='bbox 450 894 656 949; x_wconf 87' lang='lat' dir='ltr'>Euripide</span> <span class='ocrx_word' id='word_1_86' title='bbox 688 894 825 938; x_wconf 89' lang='lat' dir='ltr'>adest.</span> 
     </span>
    </p>

    <p class='ocr_par' dir='ltr' id='par_1_4' title="bbox 216 967 1798 1676">
     <span class='ocr_line' id='line_1_13' title="bbox 330 967 1734 1022; baseline 0 -12"><span class='ocrx_word' id='word_1_87' title='bbox 330 968 471 1011; x_wconf 91' lang='lat' dir='ltr'>Minus</span> <span class='ocrx_word' id='word_1_88' title='bbox 512 967 620 1011; x_wconf 90' lang='lat' dir='ltr'>bene</span> <span class='ocrx_word' id='word_1_89' title='bbox 664 973 814 1011; x_wconf 89' lang='lat' dir='ltr'>narrat</span> <span class='ocrx_word' id='word_1_90' title='bbox 854 967 1091 1020; x_wconf 82' lang='lat' dir='ltr'>Antiphon,</span> <span class='ocrx_word' id='word_1_91' title='bbox 1135 967 1364 1021; x_wconf 91' lang='lat' dir='ltr'>Euripides</span> <span class='ocrx_word' id='word_1_92' title='bbox 1407 968 1578 1022; x_wconf 89' lang='lat' dir='ltr'>optime.</span> <span class='ocrx_word' id='word_1_93' title='bbox 1653 967 1734 1011; x_wconf 89' lang='lat' dir='ltr'>Hic</span> 
     </span>
     <span class='ocr_line' id='line_1_14' title="bbox 218 1028 1735 1097; baseline -0.002 -13"><span class='ocrx_word' id='word_1_94' title='bbox 218 1053 341 1084; x_wconf 90' lang='lat' dir='ltr'>omne</span> <span class='ocrx_word' id='word_1_95' title='bbox 372 1040 474 1083; x_wconf 91' lang='lat' dir='ltr'>tulit</span> <span class='ocrx_word' id='word_1_96' title='bbox 502 1043 705 1094; x_wconf 87' lang='lat' dir='ltr'>punctum</span> <span class='ocrx_word' id='word_1_97' title='bbox 736 1040 778 1081; x_wconf 91' lang='lat' dir='ltr'>in</span> <span class='ocrx_word' id='word_1_98' title='bbox 799 1039 1068 1082; x_wconf 84' lang='lat' dir='ltr'>oratiuncula</span> <span class='ocrx_word' id='word_1_99' title='bbox 1085 1052 1136 1081; x_wconf 85' lang='lat' dir='ltr'>ex</span> <span class='ocrx_word' id='word_1_100' title='bbox 1154 1039 1336 1095; x_wconf 89' lang='lat' dir='ltr'>Cyclope</span> <span class='ocrx_word' id='word_1_101' title='bbox 1356 1039 1501 1083; x_wconf 88' lang='lat' dir='ltr'>fabula</span> <span class='ocrx_word' id='word_1_102' title='bbox 1533 1040 1635 1097; x_wconf 86' lang='lat'>(253</span> <span class='ocrx_word' id='word_1_103' title='bbox 1652 1028 1735 1094; x_wconf 84' lang='lat' dir='ltr'>sq.)</span> 
     </span>
     <span class='ocr_line' id='line_1_15' title="bbox 216 1112 1737 1157; baseline 0 0"><span class='ocrx_word' id='word_1_104' title='bbox 216 1114 332 1157; x_wconf 91' lang='lat' dir='ltr'>intra</span> <span class='ocrx_word' id='word_1_105' title='bbox 374 1117 471 1156; x_wconf 90' lang='lat' dir='ltr'>octo</span> <span class='ocrx_word' id='word_1_106' title='bbox 513 1125 663 1156; x_wconf 90' lang='lat' dir='ltr'>versus</span> <span class='ocrx_word' id='word_1_107' title='bbox 710 1113 850 1155; x_wconf 87' lang='lat' dir='ltr'>omnia</span> <span class='ocrx_word' id='word_1_108' title='bbox 894 1112 1164 1156; x_wconf 87' lang='lat' dir='ltr'>concludens.</span> <span class='ocrx_word' id='word_1_109' title='bbox 1225 1113 1494 1157; x_wconf 90' lang='lat' dir='ltr'>Prooemium</span> <span class='ocrx_word' id='word_1_110' title='bbox 1524 1116 1737 1157; x_wconf 87' lang='lat' dir='ltr'>attentum</span> 
     </span>
     <span class='ocr_line' id='line_1_16' title="bbox 217 1183 1736 1241; baseline -0.001 -12"><span class='ocrx_word' id='word_1_111' title='bbox 217 1189 262 1229; x_wconf 91' lang='lat' dir='ltr'>et</span> <span class='ocrx_word' id='word_1_112' title='bbox 301 1185 545 1229; x_wconf 91' lang='lat' dir='ltr'>benivolum</span> <span class='ocrx_word' id='word_1_113' title='bbox 587 1185 692 1228; x_wconf 88' lang='lat' dir='ltr'>facit</span> <span class='ocrx_word' id='word_1_114' title='bbox 737 1184 872 1241; x_wconf 88' lang='lat'>(253).</span> <span class='ocrx_word' id='word_1_115' title='bbox 934 1184 1140 1228; x_wconf 88' lang='lat' dir='ltr'>Narratio</span> <span class='ocrx_word' id='word_1_116' title='bbox 1180 1185 1306 1228; x_wconf 89' lang='lat' dir='ltr'>docet</span> <span class='ocrx_word' id='word_1_117' title='bbox 1347 1189 1389 1228; x_wconf 90' lang='lat' dir='ltr'>et</span> <span class='ocrx_word' id='word_1_118' title='bbox 1421 1185 1555 1229; x_wconf 88' lang='lat' dir='ltr'>solam</span> <span class='ocrx_word' id='word_1_119' title='bbox 1588 1183 1736 1229; x_wconf 91' lang='lat' dir='ltr'>confir-</span> 
     </span>
     <span class='ocr_line' id='line_1_17' title="bbox 216 1256 1798 1315; baseline -0.001 -14"><span class='ocrx_word' id='word_1_120' title='bbox 216 1258 447 1301; x_wconf 86' lang='lat' dir='ltr'>mationem</span> <span class='ocrx_word' id='word_1_121' title='bbox 478 1256 605 1301; x_wconf 89' lang='lat' dir='ltr'>fidem</span> <span class='ocrx_word' id='word_1_122' title='bbox 636 1257 800 1301; x_wconf 88' lang='lat' dir='ltr'>orantis</span> <span class='ocrx_word' id='word_1_123' title='bbox 830 1257 972 1301; x_wconf 90' lang='lat' dir='ltr'>habet.</span> <span class='ocrx_word' id='word_1_124' title='bbox 1032 1257 1241 1314; x_wconf 86' lang='lat' dir='ltr'>Epilogus</span> <span class='ocrx_word' id='word_1_125' title='bbox 1271 1257 1563 1302; x_wconf 86' lang='lat' dir='ltr'>adversarium</span> <span class='ocrx_word' id='word_1_126' title='bbox 1595 1258 1735 1301; x_wconf 91' lang='lat' dir='ltr'>crimi-</span> <span class='ocrx_word' id='word_1_127' title='bbox 1792 1309 1798 1315; x_wconf 29' lang='grc' dir='ltr'>Ι</span> 
     </span>
     <span class='ocr_line' id='line_1_18' title="bbox 217 1329 1735 1387; baseline -0.001 -12"><span class='ocrx_word' id='word_1_128' title='bbox 217 1335 359 1383; x_wconf 89' lang='lat' dir='ltr'>natur,</span> <span class='ocrx_word' id='word_1_129' title='bbox 391 1336 435 1375; x_wconf 93' lang='lat' dir='ltr'>et</span> <span class='ocrx_word' id='word_1_130' title='bbox 453 1331 788 1386; x_wconf 85' lang='lat' dir='ltr'>indignationem</span> <span class='ocrx_word' id='word_1_131' title='bbox 807 1336 950 1374; x_wconf 88' lang='lat' dir='ltr'>movet</span> <span class='ocrx_word' id='word_1_132' title='bbox 981 1330 1233 1385; x_wconf 84' lang='lat'>(259—60).</span> <span class='ocrx_word' id='word_1_133' title='bbox 1294 1329 1349 1373; x_wconf 86' lang='grc' dir='ltr'>Τὸ</span> <span class='ocrx_word' id='word_1_134' title='bbox 1374 1332 1610 1387; x_wconf 80' lang='grc' dir='ltr'>στρόγγυλον</span> <span class='ocrx_word' id='word_1_135' title='bbox 1641 1344 1735 1374; x_wconf 89' lang='lat' dir='ltr'>ver-</span> 
     </span>
     <span class='ocr_line' id='line_1_19' title="bbox 217 1403 1737 1461; baseline -0.001 -12"><span class='ocrx_word' id='word_1_136' title='bbox 217 1404 337 1449; x_wconf 88' lang='lat' dir='ltr'>sibus</span> <span class='ocrx_word' id='word_1_137' title='bbox 368 1404 555 1449; x_wconf 89' lang='lat' dir='ltr'>secundo</span> <span class='ocrx_word' id='word_1_138' title='bbox 600 1408 643 1447; x_wconf 90' lang='lat' dir='ltr'>et</span> <span class='ocrx_word' id='word_1_139' title='bbox 683 1404 812 1447; x_wconf 91' lang='lat' dir='ltr'>tertio</span> <span class='ocrx_word' id='word_1_140' title='bbox 856 1403 1064 1461; x_wconf 81' lang='lat'>(254—5)</span> <span class='ocrx_word' id='word_1_141' title='bbox 1096 1405 1234 1447; x_wconf 90' lang='lat' dir='ltr'>inest:</span> <span class='ocrx_word' id='word_1_142' title='bbox 1285 1405 1496 1448; x_wconf 89' lang='lat' dir='ltr'>contrarie</span> <span class='ocrx_word' id='word_1_143' title='bbox 1541 1405 1737 1459; x_wconf 89' lang='lat' dir='ltr'>apposita</span> 
     </span>
     <span class='ocr_line' id='line_1_20' title="bbox 218 1476 1736 1533; baseline -0.001 -11"><span class='ocrx_word' id='word_1_144' title='bbox 218 1478 353 1522; x_wconf 88' lang='lat' dir='ltr'>habes</span> <span class='ocrx_word' id='word_1_145' title='bbox 394 1478 495 1519; x_wconf 82' lang='grc' dir='ltr'>ἑκὼν</span> <span class='ocrx_word' id='word_1_146' title='bbox 539 1478 685 1520; x_wconf 80' lang='grc' dir='ltr'>ἑκοῦσι.</span> <span class='ocrx_word' id='word_1_147' title='bbox 762 1477 879 1520; x_wconf 90' lang='lat' dir='ltr'>Nihil</span> <span class='ocrx_word' id='word_1_148' title='bbox 920 1478 1162 1520; x_wconf 88' lang='lat' dir='ltr'>concinnius</span> <span class='ocrx_word' id='word_1_149' title='bbox 1207 1490 1332 1531; x_wconf 88' lang='lat' dir='ltr'>quam</span> <span class='ocrx_word' id='word_1_150' title='bbox 1372 1477 1575 1521; x_wconf 86' lang='lat' dir='ltr'>refutatio</span> <span class='ocrx_word' id='word_1_151' title='bbox 1616 1476 1736 1533; x_wconf 85' lang='lat'>(258)</span> 
     </span>
     <span class='ocr_line' id='line_1_21' title="bbox 220 1547 1737 1603; baseline -0.001 -11"><span class='ocrx_word' id='word_1_152' title='bbox 220 1560 315 1592; x_wconf 88' lang='lat' dir='ltr'>esse</span> <span class='ocrx_word' id='word_1_153' title='bbox 354 1552 513 1603; x_wconf 89' lang='lat' dir='ltr'>potest.</span> <span class='ocrx_word' id='word_1_154' title='bbox 576 1547 732 1591; x_wconf 87' lang='lat' dir='ltr'>Confer</span> <span class='ocrx_word' id='word_1_155' title='bbox 763 1547 951 1590; x_wconf 90' lang='lat' dir='ltr'>solutum</span> <span class='ocrx_word' id='word_1_156' title='bbox 996 1547 1202 1591; x_wconf 91' lang='lat' dir='ltr'>orationis</span> <span class='ocrx_word' id='word_1_157' title='bbox 1245 1550 1509 1600; x_wconf 87' lang='lat' dir='ltr'>contextum,</span> <span class='ocrx_word' id='word_1_158' title='bbox 1555 1548 1598 1590; x_wconf 92' lang='lat' dir='ltr'>in</span> <span class='ocrx_word' id='word_1_159' title='bbox 1641 1559 1737 1602; x_wconf 89' lang='lat' dir='ltr'>qua,</span> 
     </span>
     <span class='ocr_line' id='line_1_22' title="bbox 217 1620 1593 1676; baseline -0.002 -10"><span class='ocrx_word' id='word_1_160' title='bbox 217 1626 320 1676; x_wconf 88' lang='lat' dir='ltr'>apta</span> <span class='ocrx_word' id='word_1_161' title='bbox 351 1621 618 1673; x_wconf 87' lang='lat' dir='ltr'>diversitate,</span> <span class='ocrx_word' id='word_1_162' title='bbox 651 1620 839 1664; x_wconf 83' lang='lat' dir='ltr'>Silenum</span> <span class='ocrx_word' id='word_1_163' title='bbox 872 1627 1146 1664; x_wconf 88' lang='lat' dir='ltr'>accusantem</span> <span class='ocrx_word' id='word_1_164' title='bbox 1176 1620 1281 1663; x_wconf 88' lang='lat' dir='ltr'>facit</span> <span class='ocrx_word' id='word_1_165' title='bbox 1312 1620 1593 1676; x_wconf 71' lang='lat'>(232—240).</span> 
     </span>
    </p>

    <p class='ocr_par' dir='ltr' id='par_1_5' title="bbox 217 1691 1738 1966">
     <span class='ocr_line' id='line_1_23' title="bbox 334 1691 1737 1748; baseline 0.001 -11"><span class='ocrx_word' id='word_1_166' title='bbox 334 1693 415 1738; x_wconf 92' lang='lat' dir='ltr'>Hic</span> <span class='ocrx_word' id='word_1_167' title='bbox 448 1693 651 1738; x_wconf 91' lang='lat' dir='ltr'>concinne</span> <span class='ocrx_word' id='word_1_168' title='bbox 692 1692 864 1747; x_wconf 88' lang='lat' dir='ltr'>quidem</span> <span class='ocrx_word' id='word_1_169' title='bbox 906 1693 981 1737; x_wconf 90' lang='lat' dir='ltr'>sed</span> <span class='ocrx_word' id='word_1_170' title='bbox 1020 1705 1149 1748; x_wconf 87' lang='lat' dir='ltr'>parce</span> <span class='ocrx_word' id='word_1_171' title='bbox 1197 1696 1332 1736; x_wconf 92' lang='lat' dir='ltr'>artem</span> <span class='ocrx_word' id='word_1_172' title='bbox 1362 1691 1549 1737; x_wconf 86' lang='lat' dir='ltr'>adhibet.</span> <span class='ocrx_word' id='word_1_173' title='bbox 1609 1692 1667 1736; x_wconf 86' lang='lat' dir='ltr'>At</span> <span class='ocrx_word' id='word_1_174' title='bbox 1695 1692 1737 1739; x_wconf 82' lang='lat' dir='ltr'>in</span> 
     </span>
     <span class='ocr_line' id='line_1_24' title="bbox 217 1765 1738 1821; baseline -0.003 -8"><span class='ocrx_word' id='word_1_175' title='bbox 217 1769 373 1813; x_wconf 89' lang='lat' dir='ltr'>altiora</span> <span class='ocrx_word' id='word_1_176' title='bbox 403 1780 632 1821; x_wconf 89' lang='lat' dir='ltr'>assurgens</span> <span class='ocrx_word' id='word_1_177' title='bbox 672 1771 802 1821; x_wconf 90' lang='lat' dir='ltr'>poeta</span> <span class='ocrx_word' id='word_1_178' title='bbox 848 1779 993 1810; x_wconf 91' lang='lat' dir='ltr'>omnes</span> <span class='ocrx_word' id='word_1_179' title='bbox 1026 1768 1170 1820; x_wconf 89' lang='lat' dir='ltr'>copias</span> <span class='ocrx_word' id='word_1_180' title='bbox 1215 1765 1447 1820; x_wconf 89' lang='lat' dir='ltr'>profundit.</span> <span class='ocrx_word' id='word_1_181' title='bbox 1508 1767 1565 1809; x_wconf 91' lang='lat' dir='ltr'>Et</span> <span class='ocrx_word' id='word_1_182' title='bbox 1595 1766 1738 1810; x_wconf 90' lang='lat' dir='ltr'>nescio</span> 
     </span>
     <span class='ocr_line' id='line_1_25' title="bbox 217 1838 1738 1894; baseline -0.003 -10"><span class='ocrx_word' id='word_1_183' title='bbox 217 1855 272 1885; x_wconf 92' lang='lat' dir='ltr'>an</span> <span class='ocrx_word' id='word_1_184' title='bbox 302 1841 462 1884; x_wconf 89' lang='lat' dir='ltr'>nullam</span> <span class='ocrx_word' id='word_1_185' title='bbox 507 1840 744 1883; x_wconf 92' lang='lat' dir='ltr'>orationem</span> <span class='ocrx_word' id='word_1_186' title='bbox 788 1840 926 1894; x_wconf 87' lang='lat' dir='ltr'>magis</span> <span class='ocrx_word' id='word_1_187' title='bbox 970 1838 1240 1882; x_wconf 89' lang='lat' dir='ltr'>exornaverit</span> <span class='ocrx_word' id='word_1_188' title='bbox 1281 1850 1405 1892; x_wconf 91' lang='lat' dir='ltr'>quam</span> <span class='ocrx_word' id='word_1_189' title='bbox 1436 1838 1555 1881; x_wconf 91' lang='lat' dir='ltr'>illam</span> <span class='ocrx_word' id='word_1_190' title='bbox 1582 1838 1626 1880; x_wconf 94' lang='lat' dir='ltr'>in</span> <span class='ocrx_word' id='word_1_191' title='bbox 1656 1849 1738 1892; x_wconf 88' lang='lat' dir='ltr'>qua</span> 
     </span>
     <span class='ocr_line' id='line_1_26' title="bbox 217 1912 1119 1966; baseline -0.003 -9"><span class='ocrx_word' id='word_1_192' title='bbox 217 1914 371 1957; x_wconf 90' lang='lat' dir='ltr'>Medea</span> <span class='ocrx_word' id='word_1_193' title='bbox 401 1913 538 1956; x_wconf 92' lang='lat' dir='ltr'>virum</span> <span class='ocrx_word' id='word_1_194' title='bbox 568 1913 806 1955; x_wconf 88' lang='lat' dir='ltr'>insectatur</span> <span class='ocrx_word' id='word_1_195' title='bbox 838 1912 1119 1966; x_wconf 84' lang='lat'>(465—519).</span> 
     </span>
    </p>

    <p class='ocr_par' dir='ltr' id='par_1_6' title="bbox 218 1970 1739 2187">
     <span class='ocr_line' id='line_1_27' title="bbox 332 1970 1737 2038; baseline -0.004 -10"><span class='ocrx_word' id='word_1_196' title='bbox 332 1985 401 2028; x_wconf 87' lang='lat' dir='ltr'>Ita</span> <span class='ocrx_word' id='word_1_197' title='bbox 445 1984 685 2028; x_wconf 91' lang='lat' dir='ltr'>orationem</span> <span class='ocrx_word' id='word_1_198' title='bbox 726 1984 951 2038; x_wconf 88' lang='lat' dir='ltr'>disposuit.</span> <span class='ocrx_word' id='word_1_199' title='bbox 1011 1970 1358 2026; x_wconf 86' lang='lat' dir='ltr'>Prooemium</span> <span class='ocrx_word' id='word_1_200' title='bbox 1389 1985 1605 2025; x_wconf 87' lang='lat'>465—74</span> <span class='ocrx_word' id='word_1_201' title='bbox 1636 1982 1737 2037; x_wconf 85' lang='lat'>(475</span> 
     </span>
     <span class='ocr_line' id='line_1_28' title="bbox 222 2054 1739 2115; baseline -0.001 -15"><span class='ocrx_word' id='word_1_202' title='bbox 222 2058 436 2115; x_wconf 80' lang='grc' dir='ltr'>μεθόριον),</span> <span class='ocrx_word' id='word_1_203' title='bbox 468 2057 980 2111; x_wconf 85' lang='lat' dir='ltr'>Narratio476—87,</span> <span class='ocrx_word' id='word_1_204' title='bbox 1014 2055 1562 2099; x_wconf 81' lang='lat' dir='ltr'>Probati04ss—5os:</span> <span class='ocrx_word' id='word_1_205' title='bbox 1594 2054 1637 2097; x_wconf 91' lang='lat' dir='ltr'>in</span> <span class='ocrx_word' id='word_1_206' title='bbox 1656 2066 1739 2108; x_wconf 85' lang='lat' dir='ltr'>qua</span> 
     </span>
     <span class='ocr_line' id='line_1_29' title="bbox 218 2128 1481 2187; baseline -0.004 -13"><span class='ocrx_word' id='word_1_207' title='bbox 218 2132 331 2176; x_wconf 91' lang='lat' dir='ltr'>inest</span> <span class='ocrx_word' id='word_1_208' title='bbox 362 2128 629 2187; x_wconf 82' lang='lat'>(499-508)</span> <span class='ocrx_word' id='word_1_209' title='bbox 662 2130 868 2186; x_wconf 86' lang='lat' dir='ltr'>egressio.</span> <span class='ocrx_word' id='word_1_210' title='bbox 930 2129 1210 2183; x_wconf 92' lang='lat' dir='ltr'>Epilogus</span> <span class='ocrx_word' id='word_1_211' title='bbox 1242 2130 1481 2170; x_wconf 85' lang='lat'>509—520.</span> 
     </span>
    </p>

    <p class='ocr_par' dir='ltr' id='par_1_7' title="bbox 219 2199 1739 2330">
     <span class='ocr_line' id='line_1_30' title="bbox 337 2199 1739 2257; baseline -0.002 -10"><span class='ocrx_word' id='word_1_212' title='bbox 337 2204 486 2248; x_wconf 87' lang='lat' dir='ltr'>Oratio</span> <span class='ocrx_word' id='word_1_213' title='bbox 518 2204 561 2246; x_wconf 90' lang='lat' dir='ltr'>in</span> <span class='ocrx_word' id='word_1_214' title='bbox 586 2203 779 2257; x_wconf 90' lang='lat' dir='ltr'>quintam</span> <span class='ocrx_word' id='word_1_215' title='bbox 800 2201 1075 2246; x_wconf 88' lang='lat' dir='ltr'>Anaximenis</span> <span class='ocrx_word' id='word_1_216' title='bbox 1106 2201 1291 2256; x_wconf 89' lang='lat' dir='ltr'>speciem</span> <span class='ocrx_word' id='word_1_217' title='bbox 1324 2199 1468 2244; x_wconf 90' lang='lat' dir='ltr'>cadit:</span> <span class='ocrx_word' id='word_1_218' title='bbox 1500 2199 1647 2255; x_wconf 89' lang='lat' dir='ltr'>itaque</span> <span class='ocrx_word' id='word_1_219' title='bbox 1677 2200 1739 2244; x_wconf 94' lang='lat' dir='ltr'>iu-</span> 
     </span>
     <span class='ocr_line' id='line_1_31' title="bbox 219 2272 1424 2330; baseline -0.004 -10"><span class='ocrx_word' id='word_1_220' title='bbox 219 2276 365 2321; x_wconf 89' lang='lat' dir='ltr'>diciali</span> <span class='ocrx_word' id='word_1_221' title='bbox 396 2275 543 2330; x_wconf 88' lang='lat' dir='ltr'>generi</span> <span class='ocrx_word' id='word_1_222' title='bbox 573 2274 895 2317; x_wconf 88' lang='lat' dir='ltr'>adnumeranda</span> <span class='ocrx_word' id='word_1_223' title='bbox 927 2278 993 2317; x_wconf 87' lang='lat' dir='ltr'>est</span> <span class='ocrx_word' id='word_1_224' title='bbox 1029 2273 1190 2330; x_wconf 84' lang='lat' dir='ltr'>(Quint.</span> <span class='ocrx_word' id='word_1_225' title='bbox 1225 2276 1263 2324; x_wconf 93' lang='lat'>3,</span> <span class='ocrx_word' id='word_1_226' title='bbox 1293 2276 1333 2327; x_wconf 88' lang='lat'>4,</span> <span class='ocrx_word' id='word_1_227' title='bbox 1366 2272 1424 2327; x_wconf 88' lang='lat'>9).</span> 
     </span>
    </p>

    <p class='ocr_par' dir='ltr' id='par_1_8' title="bbox 218 2343 1743 2547">
     <span class='ocr_line' id='line_1_32' title="bbox 335 2343 1741 2404; baseline -0.003 -12"><span class='ocrx_word' id='word_1_228' title='bbox 335 2346 481 2392; x_wconf 81' lang='grc' dir='ltr'>Τελικὰ</span> <span class='ocrx_word' id='word_1_229' title='bbox 509 2345 711 2404; x_wconf 80' lang='grc' dir='ltr'>κεφάλαια</span> <span class='ocrx_word' id='word_1_230' title='bbox 741 2348 903 2402; x_wconf 87' lang='lat' dir='ltr'>passim</span> <span class='ocrx_word' id='word_1_231' title='bbox 927 2347 1212 2391; x_wconf 88' lang='lat' dir='ltr'>adhibentur:</span> <span class='ocrx_word' id='word_1_232' title='bbox 1244 2349 1344 2389; x_wconf 91' lang='lat' dir='ltr'>ante</span> <span class='ocrx_word' id='word_1_233' title='bbox 1376 2345 1517 2388; x_wconf 91' lang='lat' dir='ltr'>omnia</span> <span class='ocrx_word' id='word_1_234' title='bbox 1544 2343 1588 2386; x_wconf 87' lang='grc' dir='ltr'>τὸ</span> <span class='ocrx_word' id='word_1_235' title='bbox 1621 2343 1741 2388; x_wconf 80' lang='grc' dir='ltr'>καλὸν</span> 
     </span>
     <span class='ocr_line' id='line_1_33' title="bbox 218 2417 1740 2477; baseline -0.003 -11"><span class='ocrx_word' id='word_1_236' title='bbox 218 2422 287 2466; x_wconf 85' lang='lat' dir='ltr'>vel</span> <span class='ocrx_word' id='word_1_237' title='bbox 314 2421 458 2476; x_wconf 85' lang='lat' dir='ltr'>potius</span> <span class='ocrx_word' id='word_1_238' title='bbox 486 2419 530 2461; x_wconf 85' lang='grc' dir='ltr'>τὸ</span> <span class='ocrx_word' id='word_1_239' title='bbox 563 2420 749 2477; x_wconf 84' lang='grc' dir='ltr'>αἰσχρόν;</span> <span class='ocrx_word' id='word_1_240' title='bbox 795 2424 839 2463; x_wconf 87' lang='lat' dir='ltr'>et</span> <span class='ocrx_word' id='word_1_241' title='bbox 870 2433 922 2463; x_wconf 91' lang='lat' dir='ltr'>ea</span> <span class='ocrx_word' id='word_1_242' title='bbox 952 2420 1182 2470; x_wconf 89' lang='lat' dir='ltr'>honestas,</span> <span class='ocrx_word' id='word_1_243' title='bbox 1230 2430 1339 2471; x_wconf 90' lang='lat' dir='ltr'>quae</span> <span class='ocrx_word' id='word_1_244' title='bbox 1383 2429 1478 2460; x_wconf 89' lang='lat' dir='ltr'>cum</span> <span class='ocrx_word' id='word_1_245' title='bbox 1521 2417 1740 2471; x_wconf 88' lang='lat' dir='ltr'>aequitate</span> 
     </span>
     <span class='ocr_line' id='line_1_34' title="bbox 223 2487 1743 2547; baseline -0.004 -10"><span class='ocrx_word' id='word_1_246' title='bbox 223 2494 463 2538; x_wconf 90' lang='lat' dir='ltr'>arctissime</span> <span class='ocrx_word' id='word_1_247' title='bbox 495 2492 777 2547; x_wconf 85' lang='lat' dir='ltr'>coniungitur,</span> <span class='ocrx_word' id='word_1_248' title='bbox 809 2492 878 2535; x_wconf 94' lang='lat' dir='ltr'>hic</span> <span class='ocrx_word' id='word_1_249' title='bbox 906 2492 1175 2546; x_wconf 91' lang='lat' dir='ltr'>potissimum</span> <span class='ocrx_word' id='word_1_250' title='bbox 1207 2493 1448 2544; x_wconf 76' lang='lat' dir='ltr'>spectatur:</span> <span class='ocrx_word' id='word_1_251' title='bbox 1482 2489 1631 2532; x_wconf 83' lang='grc' dir='ltr'>δίκαιον</span> <span class='ocrx_word' id='word_1_252' title='bbox 1662 2487 1743 2532; x_wconf 74' lang='grc' dir='ltr'>ἐστὶ</span> 
     </span>
    </p>

    <p class='ocr_par' dir='ltr' id='par_1_9' title="bbox 216 2560 1743 2841">
     <span class='ocr_line' id='line_1_35' title="bbox 281 2560 1740 2622; baseline -0.001 -15"><span class='ocrx_word' id='word_1_253' title='bbox 281 2599 317 2607; x_wconf 91' lang='grc'>..</span> <span class='ocrx_word' id='word_1_254' title='bbox 351 2564 393 2607; x_wconf 84' lang='grc' dir='ltr'>τὸ</span> <span class='ocrx_word' id='word_1_255' title='bbox 427 2598 464 2607; x_wconf 90' lang='grc'>..</span> <span class='ocrx_word' id='word_1_256' title='bbox 498 2563 586 2612; x_wconf 76' lang='grc' dir='ltr'>ἔθός</span> <span class='ocrx_word' id='word_1_257' title='bbox 608 2563 800 2622; x_wconf 79' lang='grc' dir='ltr'>ἄγραφον,</span> <span class='ocrx_word' id='word_1_258' title='bbox 835 2566 1004 2621; x_wconf 74' lang='grc' dir='ltr'>διόριζον</span> <span class='ocrx_word' id='word_1_259' title='bbox 1036 2562 1084 2605; x_wconf 86' lang='grc' dir='ltr'>τὰ</span> <span class='ocrx_word' id='word_1_260' title='bbox 1116 2561 1221 2605; x_wconf 80' lang='grc' dir='ltr'>καλὰ</span> <span class='ocrx_word' id='word_1_261' title='bbox 1250 2561 1316 2604; x_wconf 78' lang='grc' dir='ltr'>καὶ</span> <span class='ocrx_word' id='word_1_262' title='bbox 1347 2561 1394 2604; x_wconf 85' lang='grc' dir='ltr'>τὰ</span> <span class='ocrx_word' id='word_1_263' title='bbox 1426 2560 1572 2619; x_wconf 82' lang='grc' dir='ltr'>αἰσχρὰ</span> <span class='ocrx_word' id='word_1_264' title='bbox 1589 2562 1740 2619; x_wconf 83' lang='lat' dir='ltr'>(Anax.</span> 
     </span>
     <span class='ocr_line' id='line_1_36' title="bbox 219 2635 1741 2698; baseline -0.003 -15"><span class='ocrx_word' id='word_1_265' title='bbox 219 2643 259 2694; x_wconf 86' lang='lat'>2,</span> <span class='ocrx_word' id='word_1_266' title='bbox 293 2639 350 2696; x_wconf 89' lang='lat'>7).</span> <span class='ocrx_word' id='word_1_267' title='bbox 410 2639 468 2682; x_wconf 91' lang='lat' dir='ltr'>Et</span> <span class='ocrx_word' id='word_1_268' title='bbox 497 2651 568 2683; x_wconf 89' lang='lat' dir='ltr'>res</span> <span class='ocrx_word' id='word_1_269' title='bbox 599 2642 642 2683; x_wconf 87' lang='lat' dir='ltr'>et</span> <span class='ocrx_word' id='word_1_270' title='bbox 673 2638 849 2698; x_wconf 79' lang='lat' dir='ltr'>verbum</span> <span class='ocrx_word' id='word_1_271' title='bbox 891 2639 934 2682; x_wconf 90' lang='lat' dir='ltr'>in</span> <span class='ocrx_word' id='word_1_272' title='bbox 966 2639 1105 2683; x_wconf 89' lang='lat' dir='ltr'>animo</span> <span class='ocrx_word' id='word_1_273' title='bbox 1146 2636 1359 2693; x_wconf 91' lang='lat' dir='ltr'>loquentis</span> <span class='ocrx_word' id='word_1_274' title='bbox 1403 2635 1597 2690; x_wconf 88' lang='lat' dir='ltr'>haerent,</span> <span class='ocrx_word' id='word_1_275' title='bbox 1629 2635 1741 2680; x_wconf 90' lang='lat' dir='ltr'>unde</span> 
     </span>
     <span class='ocr_line' id='line_1_37' title="bbox 218 2706 1743 2766; baseline -0.001 -13"><span class='ocrx_word' id='word_1_276' title='bbox 218 2712 361 2764; x_wconf 76' lang='grc' dir='ltr'><strong>κακός,</strong></span> <span class='ocrx_word' id='word_1_277' title='bbox 406 2712 521 2754; x_wconf 89' lang='lat' dir='ltr'>varia</span> <span class='ocrx_word' id='word_1_278' title='bbox 553 2711 724 2764; x_wconf 91' lang='lat' dir='ltr'>quidem</span> <span class='ocrx_word' id='word_1_279' title='bbox 756 2709 1092 2766; x_wconf 88' lang='lat' dir='ltr'>significatione,</span> <span class='ocrx_word' id='word_1_280' title='bbox 1140 2709 1274 2753; x_wconf 90' lang='lat' dir='ltr'>octies</span> <span class='ocrx_word' id='word_1_281' title='bbox 1304 2706 1473 2752; x_wconf 88' lang='lat' dir='ltr'>obvium</span> <span class='ocrx_word' id='word_1_282' title='bbox 1504 2711 1595 2752; x_wconf 87' lang='lat' dir='ltr'>est:</span> <span class='ocrx_word' id='word_1_283' title='bbox 1638 2707 1743 2751; x_wconf 92' lang='lat' dir='ltr'>item</span> 
     </span>
     <span class='ocr_line' id='line_1_38' title="bbox 216 2783 822 2841; baseline 0 -14"><span class='ocrx_word' id='word_1_284' title='bbox 216 2785 337 2832; x_wconf 82' lang='grc' dir='ltr'>καλός</span> <span class='ocrx_word' id='word_1_285' title='bbox 367 2787 449 2838; x_wconf 81' lang='lat' dir='ltr'>ter,</span> <span class='ocrx_word' id='word_1_286' title='bbox 481 2783 643 2841; x_wconf 82' lang='grc' dir='ltr'>αἰσχρός</span> <span class='ocrx_word' id='word_1_287' title='bbox 675 2785 822 2829; x_wconf 84' lang='lat' dir='ltr'>Semel.</span> 
     </span>
    </p>
   </div>
  </div>
 </body>
</html>
