1910 3154
972 77 1023 117 16

345 191 481 243 Quam
502 203 652 245 presse
685 190 871 235 comicus
902 191 1084 245 vestigia
1104 193 1260 248 tragici
1285 197 1490 249 sequatur
1511 193 1753 239 Scholiasta

228 265 376 317 docet,
425 265 496 317 qui
538 265 699 317 primos
740 276 791 306 ex
823 264 1013 317 Telepho
1044 264 1191 308 fabula
1231 279 1381 311 versus
1423 268 1633 311 servavit:
1677 267 1752 322 (ad

229 336 331 380 Ach.
355 336 472 391 496).
533 336 725 379 Imitatio
755 336 892 390 magis
914 336 1055 379 elucet
1085 349 1137 380 ex
1159 339 1478 393 comparatione
1511 340 1754 383 orationum

226 409 270 451 in
302 409 458 452 Medea
487 408 609 466 (214)
642 412 686 452 et
716 408 951 464 Hippolyto
982 408 1105 466 (372)
1148 409 1330 464 fabulis,
1372 424 1482 466 quae
1514 415 1614 455 sunt
1643 415 1753 455 tam-

228 496 357 539 quam
388 483 609 525 contiones
640 481 695 524 ad
726 481 939 535 populum.
1005 482 1158 525 Utrum
1181 482 1225 525 id
1246 496 1347 527 casu
1373 496 1427 527 an
1459 484 1512 527 de
1536 484 1751 527 industria

228 556 307 607 sit,
341 567 422 597 non
455 552 686 604 affirmem,
734 553 972 596 orationem
1003 552 1183 596 Medeae
1220 566 1369 597 versus
1400 554 1479 597 LII
1522 555 1754 608 continere,

227 627 465 670 orationem
496 625 723 668 Phaedrae
746 625 898 677 LVIII,
930 626 1221 680 Dicaeopolim
1254 639 1376 669 suam
1407 639 1490 669 non
1534 627 1650 670 ultra
1676 626 1753 669 LX

226 700 475 755 producere.
550 698 800 751 Euripidem
840 698 979 751 ipsum
1019 699 1233 753 quandam
1286 712 1558 743 numerorum
1601 711 1752 742 conve-

226 773 433 815 nientiam
476 775 677 825 expetere
723 771 791 813 vix
840 769 1015 814 dubium
1056 771 1225 815 videtur
1258 772 1505 826 (Euripides
1537 772 1591 815 ed
1622 772 1754 826 Paley

228 849 266 888 2.
299 858 338 899 p.
370 844 505 898 XIX).

344 916 513 969 Operae
551 915 737 968 pretium
789 918 857 957 est
904 928 926 956 e
979 915 1193 956 contrario
1240 915 1500 969 Aeschyleae
1547 916 1754 959 orationis

229 989 610 1033 conformationem
643 988 933 1030 considerare.
995 988 1115 1029 Anno
1156 988 1266 1030 enim
1298 992 1397 1030 ante
1430 988 1646 1031 Christum
1677 1001 1754 1031 na-

228 1067 320 1105 tum
352 1065 436 1103 458
483 1060 718 1113 Aeschylus
760 1059 1022 1112 tripertitam
1069 1060 1188 1101 illam
1232 1057 1456 1114 Ὀρέστειαν
1498 1061 1645 1103 edidit.
1706 1060 1755 1102 In

228 1134 375 1178 fabula
417 1133 608 1187 principe
655 1132 868 1185 longiores
913 1132 1128 1173 orationes
1170 1131 1260 1174 fere
1305 1132 1453 1186 viginti
1505 1145 1755 1174 enumerare

227 1208 381 1263 possis.
444 1207 507 1248 Ex
540 1204 692 1260 quibus
724 1204 791 1246 vix
831 1217 958 1247 unam
992 1208 1036 1246 et
1067 1204 1249 1246 alteram
1281 1204 1335 1246 ad
1366 1204 1487 1259 leges
1518 1204 1755 1247 rhetorices

228 1280 519 1323 conformatas
550 1290 645 1319 esse
685 1277 843 1318 dixeris
881 1279 939 1327 (1,
974 1278 1215 1318 551—582.
1279 1279 1318 1327 2,
1355 1279 1651 1317 1412—1425.
1717 1280 1754 1327 3,

232 1356 341 1396 1035
375 1365 426 1394 ex
456 1351 612 1405 parte).
674 1350 722 1392 In
754 1349 886 1392 tertia
916 1347 1085 1400 fabula,
1117 1349 1180 1391 rei
1211 1351 1366 1391 natura
1398 1353 1587 1402 cogente,
1619 1348 1756 1390 maior

228 1424 499 1478 eloquentiae
540 1428 764 1475 respectus
805 1420 1000 1463 habetur.
1063 1421 1183 1462 Duae
1226 1422 1371 1463 insunt
1417 1421 1629 1474 longiores
1661 1433 1755 1463 ora-

226 1499 367 1541 tiones
407 1498 679 1550 (625—639;
733 1495 980 1547 657—673)
1022 1493 1175 1547 quibus
1216 1494 1318 1536 licet
1360 1493 1497 1536 addas
1538 1493 1756 1535 Minervae

228 1570 469 1614 contionem
501 1566 782 1621 (780ffl710).
853 1566 978 1607 Prior
1024 1566 1132 1607 hanc
1178 1565 1310 1607 habet
1351 1565 1756 1608 conformationem:

228 1643 418 1686 Prooe.
463 1643 693 1684 625-630
735 1638 1027 1693 (1)Διαβολή.
1088 1638 1152 1692 (2)
1200 1638 1320 1680 Facit
1365 1637 1527 1680 iudices
1568 1641 1758 1680 attentos

228 1713 443 1770 (ἀκούσει).
487 1713 551 1767 (3)
582 1712 756 1755 dociles.
818 1710 891 1753 Na
906 1724 970 1753 rr.
999 1734 1055 1747 =
1087 1709 1242 1753 Prob.
1276 1714 1517 1753 631-637,
1585 1711 1632 1753 In
1656 1709 1757 1753 *fine

228 1785 516 1840 Amplificatio
550 1787 653 1837 (636
678 1782 773 1838 -7).
837 1783 1001 1835 Epilog.
1029 1785 1214 1824 638—9.
1278 1782 1358 1824 Vix
1390 1788 1614 1825 enumerat
1644 1781 1757 1835 (ταύ-

225 1875 296 1915 την
328 1856 513 1912 τοιαύτην
546 1854 699 1908 εἶπον);
750 1855 803 1897 ad
838 1855 1172 1908 indignationem
1218 1855 1405 1907 prudens
1437 1855 1659 1908 sciensque
1691 1867 1758 1897 re-

226 1933 407 1987 spicitur
438 1932 512 1985 (ὡς
543 1930 676 1985 δηχθῇ
708 1927 846 1984 λεὼς).

349 2004 539 2046 Alterius
585 2001 889 2044 conformatio:
938 2000 1122 2042 Prooe.
1167 2002 1378 2041 657-61.
1454 2003 1489 2041 1.
1532 2001 1755 2041 Attentum

226 2077 332 2121 facit
364 2079 460 2119 657.
525 2078 561 2117 2.
596 2074 786 2129 Longior
828 2073 1044 2126 prothesis
1085 2071 1140 2114 ad
1184 2071 1421 2115 docendum
1455 2075 1667 2115 658—61.
1704 2096 1755 2102 —

227 2148 513 2193 Probatio.
578 2146 719 2190 Unum
760 2149 1085 2199 argumentum:
1129 2144 1339 2199 τεκμήριον
1382 2143 1492 2198 quod
1537 2144 1648 2186 idem
1693 2148 1761 2187 est

228 2222 469 2276 exemplum
502 2224 545 2263 et
577 2219 747 2274 quidem
791 2222 952 2261 certum
986 2217 1267 2273 (662—666).
1330 2217 1377 2259 Id
1409 2221 1553 2260 tamen
1586 2216 1758 2260 dubites

230 2290 282 2339 an
315 2296 395 2337 hoc
427 2294 570 2347 potius
613 2290 883 2334 inartificiale
916 2291 1048 2333 dicas.
1112 2291 1255 2333 Testis
1287 2291 1397 2332 enim
1430 2290 1485 2332 ad
1517 2293 1584 2332 est
1614 2290 1760 2333 Pallas

227 2367 394 2424 (μάρτυς
411 2364 609 2422 πάρεστι).
672 2364 836 2418 Epilo
849 2376 889 2419 g.
925 2366 1166 2406 667—673.
1231 2363 1364 2406 Totus
1388 2375 1439 2404 ex
1462 2362 1760 2405 conciliatione

230 2441 387 2484 factus.

345 2513 394 2554 In
427 2511 624 2553 contione
647 2510 866 2551 Minervae
891 2507 1126 2561 simplicior
1158 2510 1225 2549 est
1247 2510 1479 2549 structura.
1541 2507 1586 2547 In
1612 2517 1762 2559 prooe-

229 2586 314 2629 mio
347 2584 557 2640 (681-4)
603 2586 794 2626 attentos
836 2586 879 2624 et
920 2580 1080 2624 dociles
1123 2579 1310 2622 breviter
1350 2577 1466 2621 facit.
1528 2578 1631 2620 Inde
1664 2590 1762 2621 con-

229 2661 350 2704 tinuo
384 2658 608 2715 egreditur
640 2657 894 2711 (685-190).
957 2653 1050 2696 Nisi
1073 2654 1207 2696 mavis
1239 2653 1381 2695 omnia
1408 2664 1484 2705 pro
1516 2652 1762 2694 narratione

228 2731 391 2776 habere
433 2731 476 2772 in
521 2741 604 2783 qua
653 2728 706 2771 de
752 2725 1004 2782 praeteritis
1043 2724 1232 2767 refertur
1274 2722 1497 2779 (tanquam
1540 2722 1763 2778 ἀπαγγελία

231 2807 363 2848 Anax.
401 2806 476 2855 31,
518 2802 571 2844 de
615 2801 772 2844 futuris
814 2800 1022 2843 statuitur
1062 2797 1276 2853 πρόρρησις
1318 2795 1378 2838 Ib.
1411 2795 1459 2850 ἐξ
1505 2800 1547 2848 1,
1582 2795 1639 2851 9).
1701 2795 1765 2838 Ne
