1910 3154
898 66 945 104 11

166 180 278 223 enim
309 178 567 234 ὑποδήλωσις
599 177 716 220 cuius
745 179 892 230 partes
923 176 1159 231 πσρέπαινος
1191 179 1234 218 et
1267 173 1511 231 παράψογος,
1550 174 1686 216 ironia

166 251 374 307 quaedam
407 263 491 306 qua
521 263 558 293 v.
591 261 626 292 c.
660 259 784 302 quem
823 247 946 291 initio
985 247 1152 290 laudari
1194 250 1320 301 putas
1360 246 1514 289 acerbe
1547 246 1687 299 exagi-

166 325 311 369 tatur“
338 325 395 379 (p.
417 322 502 380 93).
548 322 716 376 Optime
733 320 887 374 Copius
909 320 1088 375 Anglice
1110 324 1281 362 vertens
1300 324 1470 375 „covert
1501 319 1689 361 insinua-

165 396 300 452 tion“,
336 396 420 452 „by
449 394 636 451 praise“‚
671 393 752 450 „by
780 392 985 436 censure“
1020 393 1076 446 (J.
1099 392 1139 435 S.
1164 392 1207 435 C.
1226 392 1332 435 Phil.
1350 392 1428 436 No.
1453 396 1490 434 9.
1509 405 1548 445 p.
1570 391 1686 445 258).

716 538 792 588 De
826 536 1142 587 Refutatione.

281 649 346 692 De
378 647 638 691 refutatione
680 646 785 689 nihil
818 645 928 700 apud
960 645 1183 687 Platonem
1214 642 1442 695 habemus,
1491 642 1573 685 nisi
1604 642 1685 685 huc

168 720 334 763 referas
366 720 496 762 verba
528 719 602 761 illa
636 716 910 773 ἑπεξέλεγχος,
941 715 1215 766 ἐπιπίστωσις,
1262 716 1324 758 ita
1354 719 1401 758 ut
1431 715 1531 757 bina
1562 727 1687 756 voca-

169 792 269 836 bula
301 794 413 835 inter
444 804 489 834 se
522 791 825 844 respondeant,
858 802 1035 843 quorum
1056 788 1232 844 ἔλεγχος,
1266 787 1451 834 πίστωσις
1483 787 1537 829 ab
1565 799 1688 829 accu-

172 869 316 908 satore
347 863 685 918 proficiscantur,
716 876 795 916 par
825 863 1007 905 alterum
1039 875 1063 904 a
1094 875 1167 904 reo
1187 861 1441 903 defendente
1472 864 1515 902 et
1544 861 1690 913 priora

170 937 357 978 diluente
390 937 480 989 (Ar.
513 936 590 976 Rh.
626 939 663 988 3,
701 939 765 986 13,
800 939 836 978 5.
870 935 935 977 ed.
969 935 1114 987 Cope).

287 1009 442 1051 Locum
474 1008 543 1050 hic
574 1007 705 1050 habet
738 1007 997 1060 Gorgianum
1033 1006 1139 1049 illud
1183 1006 1233 1048 de
1275 1006 1387 1048 risu:
1433 1005 1544 1058 quod
1577 1004 1689 1057 apud

173 1081 460 1127 Scholiastam
493 1080 685 1123 Platonis
724 1081 783 1123 sic
827 1080 1010 1135 legitur:
1052 1082 1167 1122 τοῦτο
1205 1077 1466 1134 παράγγελμα
1510 1076 1689 1132 Γοργίου,

173 1151 242 1199 τὰς
274 1151 448 1199 σπουδὰς
492 1157 568 1193 τῶν
611 1152 817 1193 ἀντιδίκων
862 1153 1005 1206 γέλωτι
1044 1151 1215 1204 ὲκλύειν,
1259 1150 1307 1192 τὰ
1348 1150 1391 1192 δὲ
1430 1152 1566 1204 γελοῖα
1609 1151 1692 1196 ταῖς

173 1226 363 1272 σπουδαῖς
395 1223 593 1281 ἐκκρούειν
627 1225 706 1279 (ΡΙ.
726 1225 853 1279 Gorg.
886 1229 984 1277 473,
1019 1225 1183 1267 Ar.Rh.
1216 1228 1254 1273 3,
1292 1227 1356 1273 18,
1389 1227 1427 1275 7,
1461 1225 1592 1266 Anax.
1624 1225 1691 1274 36,

179 1299 263 1352 17).
324 1297 468 1351 Ipsius
499 1298 691 1340 Platonis
734 1297 866 1340 verba
906 1298 1066 1351 optime
1107 1298 1148 1339 in
1189 1309 1278 1339 rem
1319 1300 1508 1338 nostram
1541 1308 1690 1338 conve-

172 1371 320 1413 niunt:
362 1372 503 1426 γελᾷς;
552 1369 649 1411 ἄλλο
681 1370 730 1411 αὖ
761 1373 874 1411 τοῦτο
908 1369 1011 1417 εἶδος
1043 1368 1210 1425 ἐλέγχου
1241 1367 1357 1421 ἐστὶν,
1400 1366 1537 1423 ἐπειδὴ
1570 1367 1625 1414 τίς
1656 1383 1692 1408 τι

173 1440 276 1499 εἴπῃ,
308 1444 543 1498 καταγελᾶν,
575 1441 751 1499 ἐλέγχειν
785 1442 828 1484 δὲ
860 1444 913 1498 μή
947 1443 1099 1499 (Gorg.
1131 1446 1228 1485 473.
1256 1441 1337 1497 E..)

723 1601 798 1650 De
834 1600 1137 1664 Egressione.

291 1707 484 1750 Ciceroni
517 1721 609 1750 cum
642 1707 835 1761 plurimis
865 1707 1028 1761 placuit
1057 1707 1167 1749 hanc
1200 1709 1366 1759 partem
1398 1705 1441 1746 in
1472 1716 1694 1746 numerum

174 1792 256 1823 non
287 1780 436 1834 reponi
470 1780 574 1835 (Inv.
613 1784 649 1834 1,
682 1781 768 1834 51).
832 1779 939 1823 Sunt
980 1784 1123 1822 tamen
1167 1780 1237 1833 qui
1281 1778 1457 1822 tradant
1489 1778 1694 1821 Coracem

176 1852 313 1906 ipsum
339 1853 528 1906 quintam
548 1853 756 1895 orationis
775 1865 869 1895 esse
886 1858 1055 1906 partem
1071 1852 1312 1909 παρέκβασιν
1329 1852 1513 1894 voluisse
1544 1851 1695 1906 (Spen-

174 1925 255 1980 gel.
275 1926 322 1968 A.
339 1924 379 1968 S.
397 1925 482 1979 25).
545 1925 603 1967 Et
633 1925 676 1967 hi
708 1926 876 1979 quidem
902 1929 1000 1979 post
1016 1925 1312 1979 probationem
1344 1928 1532 1979 ponunt:
1566 1923 1695 1975 Quin-

174 1998 350 2041 tilianus
377 1999 524 2041 statim
547 2002 645 2052 post
661 2000 951 2041 narrationem
972 2002 1154 2041 tractat:
1190 1999 1433 2053 „plerisque
1465 1997 1574 2039 enim
1606 2009 1695 2039 mo-

173 2071 234 2114 ris
266 2083 360 2114 esse
391 2070 559 2125 prolato
580 2083 723 2114 rerum
749 2071 896 2114 ordine
923 2071 1120 2125 protinus
1139 2071 1287 2125 utique
1316 2071 1359 2112 in
1392 2070 1576 2124 aliquem
1609 2070 1696 2112 lae-

174 2147 267 2186 tum
297 2147 371 2185 aut
400 2143 673 2197 plausibilem
704 2144 841 2186 locum
874 2156 1000 2197 quam
1029 2143 1212 2186 maxime
1253 2144 1420 2197 possint
1450 2142 1696 2185 favorabili-

174 2219 243 2259 ter
274 2217 525 2259 excurrere“
561 2216 618 2271 (4,
652 2220 689 2267 3,
729 2216 782 2272 l).
843 2216 897 2260 Et
926 2216 1055 2258 liceat
1087 2216 1154 2258 hic
1198 2216 1346 2259 statim
1376 2215 1540 2259 referre
1571 2215 1696 2258 Euri-

173 2289 315 2342 pidem
348 2290 430 2330 arti
462 2301 545 2330 non
577 2289 752 2332 deesse:
785 2290 827 2331 in
855 2288 1085 2343 Hippolyto
1118 2290 1254 2342 (984),
1287 2290 1329 2330 in
1358 2289 1581 2342 Iphigenia
1613 2290 1697 2330 Au-

174 2360 329 2403 lidensi
360 2359 495 2415 (446),
527 2360 668 2404 nullus
700 2361 937 2404 narrationi
969 2361 1088 2404 locus
1117 2364 1206 2404 est:
1241 2361 1440 2404 continuo
1470 2365 1570 2415 post
1598 2373 1696 2415 pro-

175 2434 357 2476 oemium
386 2432 435 2475 fit
465 2435 677 2487 egressio:
723 2435 888 2477 scilicet
929 2434 1040 2488 quod
1084 2434 1381 2488 supplemento
1425 2446 1522 2477 esse
1552 2432 1695 2485 debet,

174 2508 369 2551 lacunam
400 2506 552 2561 explet.
617 2507 902 2559 Quintilianus
931 2507 1100 2562 quidem
1133 2506 1361 2551 confitetur
1392 2520 1518 2562 posse
1550 2519 1694 2562 egres-

176 2582 336 2624 sionem
368 2592 615 2635 quocunque
646 2582 690 2624 in
720 2583 812 2625 loco
845 2587 1081 2636 opportune
1114 2581 1314 2638 subjungi
1348 2582 1390 2637 (ξ
1413 2581 1471 2638 4).
1533 2582 1600 2624 Ita
1632 2587 1696 2625 ta-

175 2665 273 2696 men
303 2651 483 2707 probat:
517 2653 583 2708 „si
613 2654 815 2697 cohaeret
847 2658 891 2697 et
921 2654 1127 2709 sequitur,
1158 2667 1241 2697 non
1273 2655 1308 2698 si
1332 2667 1410 2709 per
1432 2655 1515 2697 vim
1542 2667 1696 2698 cunea-

176 2730 261 2781 tur,
293 2729 336 2768 et
367 2738 476 2780 quae
506 2730 662 2770 natura
690 2728 837 2771 iuncta
869 2732 994 2770 erant
1024 2728 1229 2771 distrahit
1260 2728 1300 2784 (ξ
1331 2728 1389 2784 4).

293 2798 435 2841 Pauca
466 2799 573 2843 artis
603 2801 786 2856 vestigia
817 2801 904 2844 iam
943 2802 1133 2844 notanda
1172 2806 1283 2845 sunt.
1345 2802 1607 2857 Licymnium
1642 2800 1694 2843 ab
