1910 3154
905 64 998 125 657

162 179 318 225 finibus
348 193 431 224 non
463 178 744 223 conveniunt:
787 178 865 219 aut
907 175 947 216 in
991 174 1085 227 ipso
1131 173 1192 216 nil
1233 173 1415 227 aequale
1447 176 1526 216 est.
1590 172 1701 215 Tota

161 254 295 309 igitur
325 253 492 307 speeies
523 249 750 306 τεκμηρίοις
792 252 838 290 et
869 247 1140 301 ἐνθυμήμασιν
1174 246 1430 305 continetur.
1492 245 1699 298 Exemplo

162 326 384 379 proposito
428 325 570 367 omnia
608 321 713 365 fient
753 320 896 373 plana.
958 318 1181 360 Menelaus
1225 318 1476 360 criminatur
1516 316 1700 359 fratrem

162 396 358 442 instabili
389 408 486 441 esse
515 395 659 440 animo
692 393 745 451 (I.
779 393 827 436 A.
856 394 939 436 334
971 411 1023 427 =
1055 388 1104 432 τὰ
1136 389 1206 447 ἔθη
1241 391 1377 447 φαῦλα
1398 391 1532 434 Anax.
1551 391 1619 440 38,
1634 389 1696 443 3):

161 472 255 514 vult
286 483 380 513 eum
413 470 569 513 mutari
601 468 674 523 (cf.
704 470 785 510 332
813 485 867 501 =
890 465 1045 511 ἀνέντες
1078 464 1174 519 Ib.).
1239 465 1382 507 Amice
1415 464 1561 519 agitur
1593 462 1696 519 (336

163 562 218 579 =
251 542 297 584 οὐ
335 541 555 599 φιλονεικίᾳ
586 541 607 596 ξ
645 544 668 583 3
701 538 747 581 οὐ
778 541 905 595 πικρῷ
937 541 992 595 τῷ
1020 537 1110 593 ἤθει
1141 538 1163 593 ξ
1197 538 1254 592 6).
1316 537 1425 580 Fere
1471 541 1566 580 tota
1597 549 1697 590 pro-

162 614 284 662 batio
316 628 368 657 ex
398 615 647 657 narratione
681 615 862 655 constat.
925 610 1131 653 Narratio
1169 611 1213 652 in
1256 610 1365 652 duas
1403 616 1551 663 partes
1583 609 1696 651 scin·

164 685 300 728 ditur:
349 685 390 726 in
434 687 617 737 utroque
660 681 744 725 fine
775 680 911 724 habes
955 681 1222 724 sententiose
1266 679 1382 723 dicta
1424 681 1542 735 (345,
1576 682 1693 732 366).

163 757 501 798 Inconstantiam
534 759 659 808 urget
690 754 946 809 (μεταβαλών
967 757 1063 804 343,
1082 755 1196 805 363).
1259 752 1323 793 Ex
1346 753 1489 805 priore
1521 755 1693 793 senten-

163 824 228 868 tia
260 824 361 881 (345
390 824 472 880 sq.)
502 824 706 867 iniustum
739 823 891 877 (Anax.
915 825 952 874 2,
987 827 1009 864 7
1044 822 1181 878 φίλους
1214 821 1256 862 εὖ
1288 822 1446 875 ποιεῖν),
1480 834 1531 863 ex
1554 821 1696 863 altera

162 896 283 940 illum
329 897 601 939 inhonestum
640 896 791 950 (κακῶς
835 894 936 950 367)
976 907 1071 938 esse
1118 894 1405 937 confirmatur.
1459 918 1512 924 —
1544 894 1579 935 A
1612 904 1695 946 quo

140 969 258 1011 'loco
301 968 426 1011 facile
468 968 523 1010 ad
562 968 778 1023 epilogum
810 967 1022 1010 transitus
1054 971 1233 1020 paratur
1265 965 1400 1021 (370).

763 1092 840 1142 De
874 1093 1097 1158 Epilogo.

282 1199 487 1253 Sequitur
516 1202 564 1241 ut
595 1198 648 1241 de
679 1198 860 1253 Epilogo
893 1198 1097 1241 dicamus.

281 1271 513 1324 Exordium
547 1271 761 1322 conciliat,
795 1271 1001 1323 Epilogus
1034 1270 1245 1321 concitat;
1279 1270 1339 1311 illi
1372 1269 1554 1320 lenitas,
1597 1269 1694 1310 huic

165 1342 229 1385 vis
259 1342 466 1386 orationis
510 1343 698 1396 propria.
760 1342 809 1384 In
852 1342 996 1395 priore
1030 1354 1123 1384 rem
1154 1340 1343 1384 breviter
1373 1341 1612 1395 tangimus,
1651 1341 1694 1382 in

164 1415 405 1468 posteriore
439 1418 583 1469 „totas
605 1415 719 1457 vires
751 1428 907 1457 causae
940 1419 1088 1457 orator
1104 1416 1225 1467 ponit
1256 1418 1356 1456 ante
1379 1413 1552 1456 oculos“
1587 1413 1693 1467 (Cic.

165 1486 220 1529 de
251 1499 312 1528 or.
346 1489 384 1538 2,
419 1488 486 1540 29,
523 1488 616 1528 129.
681 1485 823 1537 Quint.
858 1489 898 1541 6,
933 1490 970 1541 1,
1007 1487 1090 1541 12).

282 1559 406 1601 Plato
440 1556 631 1599 ἐπάνοδον
664 1559 857 1601 nominat
898 1559 952 1601 de
996 1572 1078 1613 quo
1121 1559 1206 1601 iam
1245 1559 1352 1601 satis
1396 1558 1483 1600 dixi
1515 1559 1573 1611 (p.
1611 1558 1694 1613 13).

164 1630 374 1684 Exempla
404 1630 639 1684 Euripidea
668 1633 822 1684 postea
854 1643 1129 1684 apponemus.

282 1702 406 1755 Apud
430 1703 735 1745 Anaximenem
769 1703 925 1755 duplex
956 1703 1068 1745 ratio
1097 1708 1176 1754 est,
1210 1703 1351 1756 posita
1384 1706 1460 1745 aut
1489 1703 1532 1745 in
1564 1702 1696 1745 rebus

166 1778 242 1817 aut
271 1774 316 1815 in
363 1773 587 1817 affectibus
631 1775 875 1830 (ἀναμνῆσαι
909 1809 916 1816 .
952 1809 959 1817 .
995 1808 1002 1817 .
1038 1808 1045 1816 .
1080 1774 1123 1815 εὖ
1158 1776 1349 1816 διαθεῖναι
1378 1774 1444 1816 καὶ
1477 1807 1487 1816 .
1522 1809 1529 1817 .
1562 1779 1697 1822 κακῶς

167 1847 250 1895 37,.
268 1843 356 1899 42).

281 1917 437 1959 Rerum
471 1917 673 1970 repetitio
713 1919 779 1960 vel
822 1917 1060 1972 παλιλλογία
1100 1919 1167 1961 vel
1198 1916 1415 1974 ἀνάμνησις
1446 1920 1698 1963 memoriam

163 1987 303 2031 reficit
334 1989 372 2028 ἐν
403 1989 614 2044 κεφαλαίῳ
647 1990 719 2043 (cf.
742 1990 853 2032 Plat.
880 1990 1039 2032 Phaed.
1063 1993 1143 2032 267
1177 1989 1219 2030 τὸ
1253 1988 1290 2030 ἐν
1321 1991 1532 2047 κεφαλαίῳ
1565 1992 1596 2031 ἑ.
1630 1991 1695 2034 ὑπ.

163 2059 249 2102 Alii
280 2058 629 2115 ἀνακεφαλαίωσις
662 2060 804 2112 Quint.
839 2065 878 2114 6,
914 2066 950 2116 1,
989 2064 1041 2114 1).
1104 2063 1261 2105 Rerum
1306 2064 1512 2117 repetitio
1552 2063 1697 2108 brevis

165 2137 233 2174 est
275 2131 485 2187 (σύντομος
528 2134 723 2186 passim).
796 2134 868 2175 Fit
908 2138 984 2176 aut
1032 2138 1195 2176 cuncta*
1239 2136 1365 2177 simul
1406 2137 1697 2179 enumerando

163 2203 539 2260 (ἀπολογιζόμενον)
571 2209 647 2249 aut
666 2207 834 2260 Singula.
854 2206 1163 2250 dinumerando
1185 2207 1508 2262 διαλογιζόμενον
1533 2208 1696 2265 (Quint.

165 2280 204 2328 6,
239 2281 276 2327 1,
310 2279 378 2330 3);
411 2278 596 2331 denique
627 2277 675 2320 fit
706 2291 784 2331 per
815 2279 1180 2333 interrogationes
1213 2280 1545 2335 (προσερωτῶντοι
1576 2282 1597 2336 ξ
1627 2285 1696 2325 42.

165 2346 309 2399 Quint.
343 2350 382 2402 6,
420 2351 455 2401 1,
491 2352 540 2400 5;
575 2352 613 2403 9,
647 2352 685 2404 2,
718 2349 775 2404 6).
837 2350 998 2392 Rerum
1039 2351 1240 2404 repetitio
1285 2352 1541 2405 saepissime
1573 2366 1698 2406 prae-

164 2421 323 2473 cipitur
354 2434 432 2462 nec
467 2422 510 2462 in
542 2420 625 2463 fine
657 2426 822 2464 tantum
855 2421 907 2476 (c.
940 2425 1018 2472 24,
1051 2435 1084 2464 c.
1119 2426 1187 2473 37,
1220 2423 1242 2476 ξ
1274 2426 1343 2473 41,
1379 2427 1446 2474 36,
1483 2429 1548 2478 14,
1581 2428 1697 2479 38,6,

166 2494 234 2544 39,
267 2495 306 2546 9,
341 2494 409 2544 23,
443 2491 501 2546 7).
579 2492 717 2536 Aliter
762 2493 1078 2545 Quintilianus:
1122 2494 1264 2549 „nullo
1301 2494 1394 2538 loco
1436 2498 1698 2552 necessaria,

163 2564 201 2606 si
231 2563 386 2606 breves
428 2577 584 2608 causae
628 2565 842 2619 fuerint“;
888 2580 971 2621 quo
1019 2580 1113 2610 cum
1160 2570 1204 2609 et
1248 2571 1378 2620 poeta
1419 2571 1463 2610 et
1503 2573 1699 2612 oratores

163 2634 740 2690 consentiunt-(Volkmann
788 2652 827 2693 p.
863 2638 978 2695 271).
1055 2639 1239 2682 Tantum
1282 2640 1425 2693 capita
1466 2640 1701 2695 praecipua

163 2707 406 2760 repetenda
438 2712 538 2750 sunt
568 2706 635 2763 (τὰ
668 2710 843 2765 βέλτισια
874 2724 908 2753 c.
943 2715 1011 2764 37,
1044 2715 1112 2754 43.
1176 2711 1317 2762 Quint.
1351 2712 1379 2754 l.
1411 2712 1480 2766 c.).

278 2778 564 2822 Anaximenes
608 2777 662 2824 de
705 2781 933 2826 affectibus
984 2783 1125 2826 ieiune
1185 2787 1229 2826 et
1285 2783 1456 2826 exiliter
1507 2784 1701 2838 disputat

1319 2860 1343 2898 5
