1910 3154
890 83 943 123 29

409 199 544 245 αἰδοῦς
579 196 622 238 δὲ
650 195 793 243 καύτὸς
824 195 1039 252 δυσκρίτως
1068 194 1152 251 ἔχω
1183 195 1293 250 πέρι·

405 268 471 312 καὶ
504 270 563 312 δεῖ
592 267 668 327 γὰρ
700 268 821 325 αὐτῆς
851 267 985 310 κᾶστιν
1019 267 1067 310 αὖ
1099 265 1218 309 κακὸν
1252 267 1374 323 μέγας

166 344 219 386 -id
250 344 363 398 quod
392 344 435 386 in
466 344 696 398 Hippolyto
726 342 919 397 pluribus
948 346 1198 396 persecutus
1240 346 1306 384 est
1320 342 1365 396 ¹).
1425 342 1491 384 Ad
1521 354 1613 384 rem
1644 345 1688 384 et

116 448 118 450 -
176 415 351 460 verbum
380 416 495 461 redit
524 417 568 460 in
597 416 751 460 Medea
791 414 1036 473 (469-472
1069 413 1211 472 θράσος
1244 448 1252 456 .
1287 447 1294 455 .
1329 414 1515 471 εὐτολμία
1546 448 1554 456 .
1591 447 1599 456 .
1634 447 1642 455 .
1675 447 1684 456 .

177 489 356 532 ἀναίδεια
387 494 431 533 et
463 494 631 534 548-9
662 490 814 546 σοφός,
848 489 1052 546 σώφρων).
1112 489 1316 532 Prodicus
1356 489 1408 532 de
1447 492 1565 532 recte
1610 502 1688 531 usu

177 562 297 607 verbi
329 563 452 611 δεινός
491 563 787 618 disputaverat
828 563 908 619 (Pl.
940 563 1055 606 Prot.
1090 566 1168 605 341
1205 562 1255 605 A.
1289 561 1385 619 sq.).
1444 562 1564 605 Idem
1595 575 1688 605 ver-

177 635 279 680 bum
308 637 560 691 Euripides,
590 638 675 680 vim
706 636 1001 691 originationis
1031 635 1288 690 respiciens,
1328 639 1528 679 accurate
1569 636 1688 678 adhi-

177 709 281 753 bere
310 708 534 764 profitetur
565 710 695 764 (Med.
730 713 796 762 39,
828 713 895 752 44.
926 722 989 752 vv.
1023 712 1163 751 40-3
1195 709 1369 751 insiticii
1401 709 1531 764 sunt).
1593 708 1688 751 Non

178 783 270 827 sine
305 796 423 827 more
450 783 678 837 Euripides
710 783 822 837 apud
842 782 1170 836 Aristophanem
1193 781 1471 835 reprehendit
1502 781 1688 835 Aeschy-

178 856 264 900 lum
294 856 347 899 de
378 856 605 911 geminatis
634 855 808 899 vocibus
838 856 925 911 ἥκω
959 887 967 895 .
1004 889 1012 898 .
1045 887 1053 896 .
1089 887 1098 895 .
1130 853 1398 910 κατέρχομαι;
1443 852 1515 896 ubi
1545 857 1689 897 tamen

177 930 307 981 poeta
347 927 483 970 maior
524 927 621 980 plus
668 939 821 980 sapere
863 926 1032 968 videtur
1074 920 1197 981 '(Ran.
1245 927 1375 974 1142,
1423 927 1532 966 1154
1564 924 1687 978 sqq.).

180 999 421 1042 Discrimen
462 1002 578 1042 amat
623 999 736 1041 inter
777 997 976 1053 εὐδαίμων
1019 1001 1061 1040 et
1092 996 1274 1053 εὐτύχης.
1336 997 1515 1039 Parcius
1545 999 1689 1039 tamen

178 1076 308 1127 poeta
339 1071 421 1115 sibi
451 1072 659 1128 indulget,
690 1072 818 1126 idque
836 1072 995 1126 optimo
1027 1071 1131 1123 iure,
1163 1071 1287 1114 modo
1317 1083 1420 1114 vera
1450 1071 1549 1123 sint,
1582 1082 1690 1125 quae

179 1145 460 1196 Aristoteles,
503 1145 584 1188 huc
625 1144 810 1188 fortasse
856 1145 1114 1198 respiciens,
1155 1144 1198 1185 in
1221 1144 1472 1186 -Rhetoricis
1512 1144 1691 1197 protulit

181 1214 239 1270 (3,
272 1217 310 1268 2,
335 1213 405 1270 7):
437 1217 513 1256 τῶν
546 1212 575 1255 δ’
614 1213 815 1270 ὀνομάτων
847 1217 902 1271 τῷ
935 1212 1002 1270 μὲν
1036 1217 1204 1270 σοφιστῇ
1237 1211 1459 1270 ὁμωνυμίαι
1487 1215 1690 1270 χρήσιμοι,

180 1284 288 1343 παρὰ
318 1286 461 1334 ταύτας
491 1285 567 1344 γὰρ
596 1288 819 1344 κακουργεῖ,
850 1290 906 1344 τῷ
934 1289 1077 1343 ποιητῇ
1108 1285 1151 1328 δὲ
1182 1286 1433 1342 συνωνυμίαι.

296 1361 582 1404 Decantatum
624 1364 690 1405 est
730 1361 842 1415 apud
899 1364 1070 1415 poetam
1111 1360 1238 1403 illud:
1285 1358 1454 1417 ἄβιωτος
1500 1359 1581 1417 βίος
1623 1360 1692 1415 (Η.

123 1478 129 1483 ,
180 1434 279 1477 Fur.
315 1437 452 1486 1257,
484 1434 626 1488 Suppl.
663 1438 772 1477 1080
803 1447 891 1489 sq.,
936 1433 1231 1476 Andromache
1262 1434 1306 1475 in
1337 1432 1575 1476 Troadibus
1610 1436 1691 1476 636

182 1505 295 1563 etc.).
356 1507 420 1550 De
452 1519 533 1561 quo
564 1507 770 1551 Prodicus
809 1508 944 1551 multa
974 1506 1107 1550 verba
1138 1506 1262 1561 fecit,
1304 1507 1341 1549 si
1376 1505 1482 1550 fides
1524 1506 1692 1560 dialogo

180 1580 367 1623 Axiocho
404 1579 603 1623 habenda
648 1583 714 1623 est
745 1580 847 1635 (366
878 1581 931 1624 D.
974 1578 1206 1634 ποιούμενος
1237 1577 1416 1625 ἐπίδειξιν
1449 1577 1593 1620 τοσάδε
1622 1581 1691 1620 τοῦ

187 1649 255 1708 ζῆν
286 1652 458 1706 κατεῖπε,
512 1652 564 1695 cf.
583 1652 726 1707 Suppl.
752 1656 845 1695 196.
886 1651 992 1699 ἔλεξε
1023 1651 1097 1708 γάρ
1129 1668 1182 1699 τις
1214 1654 1267 1699 ὡς
1299 1650 1346 1693 τὰ
1376 1652 1538 1708 χείρονα
1568 1651 1692 1693 πλείω

183 1725 373 1783 βροτοῖσίν
406 1725 488 1767 ἐστι
517 1733 590 1768 τῶν
623 1725 872 1781 ἀμεινόνων).
935 1725 1069 1777 Quam
1110 1726 1224 1768 idem
1255 1725 1608 1769 declamationem
1641 1726 1693 1769 de

181 1798 367 1843 Hercule
397 1799 583 1853 scripsit,
616 1812 667 1843 ea
706 1798 960 1853 quibusdam
995 1798 1164 1842 videtur
1193 1799 1350 1853 respici
1381 1799 1424 1842 in
1455 1798 1693 1854 fragmento

182 1872 384 1916 Erecthei
429 1873 554 1928 (364,
589 1876 612 1915 9
645 1873 751 1914 δυοῖν
784 1872 1008 1929 παρόντοιν)
1041 1876 1084 1915 et
1116 1873 1159 1915 in
1191 1873 1434 1916 Heraclidis
1466 1874 1568 1928 (625
1602 1873 1627 1914 ἁ
1659 1873 1693 1914 δ’

183 1943 304 2002 ἀρετὰ
335 1944 459 2002 βαίνει
490 1943 555 1986 διὰ
586 1945 778 2002 μόχθων).

296 2019 346 2062 Id
377 2019 429 2062 de
459 2022 601 2073 poeta,
634 2019 705 2073 qui
736 2031 830 2062 esse
852 2019 1142 2075 τραγικώτατος
1172 2019 1354 2074 videtur,
1386 2032 1469 2062 non
1500 2023 1694 2074 praeter-

182 2092 462 2145 mittendum,
492 2092 604 2146 quod
636 2091 923 2144 Quintilianus
955 2093 1017 2136 ait
1049 2095 1107 2148 (3,
1144 2096 1180 2145 1,
1217 2092 1287 2147 12)
1320 2096 1363 2135 et
1393 2092 1621 2136 Prodicum
1653 2097 1697 2136 et

183 2164 408 2219 Hippiam,
450 2179 583 2220 aeque
622 2178 672 2209 ac
702 2166 984 2221 Protagoram
1025 2170 1068 2210 et
1111 2166 1472 2220 Thrasymachum
1517 2166 1696 2210 affectus

182 2241 411 2282 tractasse.
472 2238 536 2282 De
569 2238 724 2282 ceteris
741 2238 826 2281 iam
858 2239 987 2282 satis:
1021 2251 1097 2282 nec
1130 2243 1274 2282 tamen
1305 2252 1328 2281 e
1359 2239 1489 2283 variis
1510 2239 1696 2294 Hippiae

183 2311 398 2354 thesauris
421 2311 650 2365 Euripides
668 2311 953 2365 depromsisse
969 2312 1169 2364 traditur,
1202 2324 1457 2366 quamquam
1482 2313 1696 2366 sophistes

183 2381 271 2439 περὶ
303 2383 458 2439 ῥυθμῶν
490 2382 556 2425 καὶ
588 2383 795 2440 ἁρμονιῶν,
828 2384 920 2438 ipse
953 2398 1117 2439 quoque
1148 2385 1470 2438 tragoediarum
1497 2386 1695 2440 scriptor,

183 2455 378 2511 pluribus
409 2457 645 2511 disputavit
676 2458 821 2512 (Hipp.
855 2458 955 2501 Mai.
989 2462 1069 2501 285
1102 2458 1167 2510 D.,
1202 2458 1328 2511 Hipp.
1360 2458 1460 2501 Min.
1496 2462 1577 2501 368
1609 2460 1694 2515 D.).

300 2530 453 2573 Fuitne
484 2530 712 2584 Euripides
756 2544 924 2585 semper
955 2531 1123 2574 auditor
1153 2531 1357 2573 tantum?
1417 2531 1696 2586 Nunquamne

187 2602 267 2646 sibi
299 2603 390 2656 ipse
422 2603 684 2646 audientiam
707 2603 840 2647 fecit?
901 2604 1069 2648 Comice
1090 2604 1399 2658 Aristophanes
1430 2617 1526 2648 eum
1555 2605 1696 2650 decla-

184 2680 371 2719 mantem
413 2677 525 2729 apud
564 2677 723 2720 inferos
765 2677 868 2720 facit
907 2679 1013 2721 Ran‘.
1048 2681 1125 2719 771
1162 2689 1223 2731 sq.
1286 2675 1503 2733 Εὐριπίδης
1541 2676 1696 2720 ἐπεδεί-

183 2763 317 2802 κνυτο,
359 2780 368 2789 .
405 2781 413 2789 .
447 2780 456 2789 .
490 2749 525 2789 οἱ
557 2746 585 2789 δ’
623 2749 870 2806 ἀκροώμενοι
906 2758 980 2793 τῶν
1022 2750 1250 2805 ἀντιλογιῶν
1284 2780 1465 2792 .....
1500 2750 1696 2809 ὑπερεμά-

287 2855 323 2902 1)
350 2856 420 2891 384
445 2866 509 2902 sq„
535 2857 598 2894 ubi
626 2857 818 2904 legendum
842 2857 938 2905 αἰδώ,
965 2859 1091 2897 eiectis
1116 2871 1169 2897 vv.
1196 2861 1347 2899 382-3.
