1910 3154
923 63 948 103 2

171 179 422 229 perventum
455 179 534 219 est.
598 176 691 219 Huc
724 177 759 220 si
798 177 1020 221 Isocratea
1051 182 1336 238 accesserint,
1379 184 1534 228 ceteris
1574 181 1696 226 undi-

171 259 252 300 que
285 248 541 300 contractis,
587 247 679 291 fere
723 249 865 291 omnia
904 248 1132 302 habemus,
1178 265 1287 306 quae
1326 267 1378 297 ex
1420 252 1700 309 scriptoribus

171 333 305 374 usque
349 321 403 363 ad
444 321 585 364 editos
617 322 892 365 Anaximenis
923 322 1255 379 Aristotelisque
1298 326 1432 371 libros
1475 327 1599 371 hodie
1631 338 1699 369 su-

171 397 364 447 persunt.

285 466 429 509 Pauca
472 467 592 521 prius
623 467 861 522 praefanda
902 471 1023 519 sunt,
1063 472 1111 511 ut
1151 471 1253 523 quid
1297 471 1359 513 illi
1401 473 1484 526 ipsi
1528 472 1580 515 de
1625 484 1701 515 suo

172 539 315 581 studio
347 540 576 592 senserint,
608 540 880 583 manifestius
912 540 999 582 fiat.

416 662 545 722 Quid
582 664 644 712 sit
679 664 937 713 Rhetorice
974 668 1019 712 et
1056 663 1162 726 quis
1198 663 1301 712 eius
1337 665 1457 714 finis.

288 760 519 804 Rhetorice
550 761 636 804 iam
667 766 759 805 tum
791 763 906 805 varie
929 761 1050 804 finita
1083 764 1161 804 est.
1225 760 1359 812 Quam
1391 761 1562 815 quidem
1594 763 1701 805 Gor-

171 831 268 886 gias
313 833 425 885 apud
458 833 685 876 Platonem
729 834 821 876 vult
867 847 963 876 esse
1003 833 1291 886 persuadendi
1322 832 1514 887 opificem
1548 834 1699 889 (Gorg.

170 906 253 945 453
289 904 336 945 A.
372 903 514 954 Quint.
549 908 586 959 2,
624 909 688 959 15,
727 909 803 957 183
837 905 956 947 Orat.
991 906 1079 947 Att.
1116 908 1153 947 2.
1185 918 1225 958 p.
1263 906 1374 960 130).
1443 906 1561 947 Idem
1605 917 1701 947 sen-

169 974 279 1017 sisse
333 980 377 1017 et
423 976 562 1018 Corax
616 980 659 1017 et
701 976 841 1018 Tisias
895 977 1094 1018 dicuntur
1141 976 1355 1031 (Spengel.
1403 978 1495 1018 Art.
1547 977 1700 1029 Script.

168 1060 208 1100 p.
243 1051 330 1102 34).
395 1047 527 1098 Quem
569 1048 696 1091 finem
738 1049 955 1091 Isocrates
988 1049 1181 1101 excepit3
1224 1049 1286 1091 ait
1330 1050 1440 1092 enim
1490 1049 1700 1104 „rhetori-

172 1132 249 1161 cen
282 1132 378 1162 esse
409 1120 494 1161 vim
524 1119 841 1173 persuadendi“
875 1121 964 1173 vel,
1009 1124 1056 1162 ut
1087 1121 1160 1162 alii
1191 1121 1380 1174 malunt,
1421 1122 1578 1167 πειθοῦς
1610 1122 1698 1161 ἐπι-

169 1190 321 1245 στήμην
372 1190 534 1245 (Quint.
568 1192 590 1246 ᾖ
624 1195 675 1240 3,
723 1191 771 1233 Ο.
803 1192 852 1233 A.
886 1191 956 1232 frt.
991 1192 1048 1243 2).
1134 1190 1222 1233 Nec
1276 1191 1403 1233 aliter
1452 1192 1699 1235 Alcidamas

87 1302 93 1308 ,
168 1263 236 1316 (O.
269 1264 318 1305 A.
355 1266 391 1305 2.
424 1276 463 1317 p.
502 1264 624 1318 155):
660 1268 703 1306 et
734 1264 824 1305 fere
855 1263 968 1305 idem
999 1263 1207 1306 Prodicus
1238 1263 1503 1317 Hippiasque
1544 1264 1697 1317 (Spen-

166 1334 246 1386 gel.
281 1334 329 1374 A.
365 1333 405 1375 S.
452 1346 491 1386 p.
528 1333 645 1387 213).
730 1332 923 1386 Denique
963 1332 1094 1375 liceat
1135 1345 1350 1386 apponere
1396 1334 1528 1375 etiam
1568 1332 1699 1375 verba

167 1406 255 1449 sive
288 1405 547 1448 Theodectis
578 1406 666 1447 sive
700 1399 970 1459 Aristotelis,
1018 1404 1169 1460 „finem
1213 1417 1308 1447 esse
1350 1405 1588 1448 rhetorices
1622 1405 1698 1449 du-

165 1491 263 1521 cere
294 1478 488 1521 homines
520 1478 700 1521 dicendo
732 1478 774 1520 in
804 1477 864 1532 id,
898 1477 1010 1531 quod
1043 1481 1165 1519 actor
1195 1476 1325 1519 velit“
1363 1476 1524 1533 (Quint.
1559 1478 1581 1533 g
1615 1479 1686 1533 10)

162 1552 282 1595 Idem
315 1553 584 1594 Theodectes
616 1552 801 1605 inventa,
833 1555 881 1593 ut
898 1551 1080 1601 videtur,
1113 1551 1319 1592 Isocratis
1348 1550 1549 1605 probans,
1581 1564 1688 1604 opus

163 1624 402 1667 rhetorices
432 1625 496 1667 ita
534 1623 645 1666 finit:
688 1620 1024 1678 προοιμιάσασθαι
1064 1620 1161 1677 πρὸς
1203 1619 1377 1673 εὔνοιαν,
1420 1623 1689 1678 διηγήσασθαι

166 1695 262 1751 πρὸς
292 1696 560 1750 πιθανότητα,
607 1695 880 1735 πιστώσασθαι
918 1691 1013 1748 πρὸς
1058 1693 1205 1745 πειθώ,
1250 1692 1549 1746 ἐπιλογίσασθαι
1591 1693 1686 1748 πρὸς

162 1769 282 1825 ὀργὴν
314 1772 340 1824 ἢ
373 1768 482 1810 ἔλεον
516 1767 706 1824 (Sauppe
739 1767 786 1810 Ο.
820 1767 868 1810 A.
903 1769 941 1819 2,
976 1767 1094 1820 247).

706 1889 882 1940 Partes
918 1889 1163 1939 orationis.

280 1990 402 2032 Hanc
435 1989 622 2042 partium
655 1989 908 2031 divisionem
939 2000 1036 2030 esse
1069 1987 1412 2040 antiquissimam
1443 1991 1694 2029 memorant.

165 2062 370 2116 Agnoscit
402 2062 526 2104 Plato
568 2061 771 2116 (Phaedr.
819 2063 899 2102 266
933 2060 983 2102 D.
1018 2059 1152 2113 sqq.),
1198 2071 1275 2101 nec
1318 2063 1461 2102 tamen
1505 2071 1599 2102 cum
1646 2072 1697 2102 ea

164 2135 332 2178 omnino
365 2135 604 2189 consentit,
645 2135 708 2177 ita
737 2133 964 2187 perspicue
1007 2135 1156 2185 partes
1189 2144 1441 2174 secernens:
1489 2131 1692 2187 προοίμιον

162 2213 316 2264 πρῶτον
353 2240 360 2248 .
395 2241 403 2248 .
440 2241 447 2248 .
482 2207 662 2263 δεύτερον
697 2206 879 2262 διήγησίν
912 2221 997 2246 τινα
1017 2203 1230 2260 μαρτυρίας
1260 2205 1294 2244 τ’
1328 2202 1389 2244 ἐπ’
1422 2203 1535 2260 αὐτῇ,
1568 2204 1692 2261 τρίτον

161 2283 381 2338 τεκμήρια,
429 2280 611 2336 τέταρτον
652 2280 785 2320 εἰκότα
819 2310 1002 2319 .....
1035 2275 1077 2317 τὸ
1126 2274 1169 2316 δὲ
1210 2275 1259 2331 δὴ
1306 2275 1415 2323 τέλος
1458 2281 1533 2338 τῶν
1565 2279 1693 2333 λόγων

163 2358 279 2397 πᾶσιν
312 2353 417 2395 ἔοικε
451 2352 761 2408 συνῧεὸόγμενον
795 2348 916 2402 εἶναι,
952 2342 984 2405 ᾧ
1015 2364 1114 2394 τινες
1149 2345 1216 2402 μὲν
1250 2345 1462 2402 ἔπάνοόον,
1505 2347 1619 2391 ἄλλοι
1651 2349 1695 2391 δὲ

163 2427 260 2470 ἄλλο
301 2427 471 2469 τίθενται
512 2425 636 2481 ὄνομα
689 2424 808 2481 (266.
854 2423 904 2465 D.
952 2425 1049 2464 267.
1096 2420 1181 2476 D.).
1265 2420 1467 2465 Ordinem
1506 2424 1693 2477 partium

160 2502 319 2545 habes:
372 2501 570 2542 videntur
610 2504 753 2541 tamen
795 2498 961 2550 priores
1002 2495 1064 2536 illi
1104 2493 1352 2537 testimonia
1397 2495 1560 2551 (πίστεις
1602 2496 1695 2538 ἀτέ-

164 2590 294 2630 χνους,
329 2574 460 2616 Arist.
480 2571 682 2617 ἐπιθέτους
705 2570 858 2622 Anax.)
891 2566 1129 2609 narrationi
1151 2564 1418 2609 subiunxisse
1450 2568 1528 2624 (ἐπ’
1561 2568 1694 2625 αὐτῇ),

162 2660 298 2701 neque
330 2647 467 2689 adhuc
498 2649 668 2699 partem
706 2640 975 2697 probationis
1008 2639 1212 2692 alteram,
1260 2652 1393 2694 „quae
1426 2645 1492 2684 est
1527 2645 1619 2685 tota
1650 2642 1694 2683 in

160 2718 279 2762 arte“
326 2717 525 2774 (ἔντεχνος
558 2716 699 2767 Quint.
736 2720 773 2766 5,
808 2718 846 2767 8,
882 2715 948 2766 1),
993 2712 1034 2753 in
1078 2723 1208 2754 unum
1251 2717 1380 2765 caput
1425 2717 1694 2756 contractam

160 2807 243 2839 uno
275 2793 445 2838 nomine
490 2791 723 2836 vocavisse.
787 2786 906 2840 Quod
937 2785 1052 2831 idem
1101 2797 1152 2828 ex
1182 2784 1477 2841 multiplicatis
1507 2786 1593 2831 illis
1623 2797 1694 2830 vo·
