1910 3154
2 1446 5 1455 r
3 1357 12 1432 *„—-
6 1327 15 1350 ,-

847 561 880 603 I.

111 647 348 717 Κέχρηται
399 649 447 698 δὲ
499 651 569 697 καὶ
614 645 861 714 Εὐριπίδης
923 652 1140 714 τεχνικῶς
1192 648 1337 712 τούτῳ
1395 648 1459 712 τῷ
1508 645 1613 694 εἴδει

700 731 1034 780 Anaximenes.

226 851 273 892 In
306 851 477 893 saeculo
499 850 678 893 Periclis
708 854 775 893 tot
804 849 997 892 honestis
1020 848 1174 891 studiis
1205 847 1367 890 referto
1398 846 1628 900 singularis

109 923 367 966 Rhetoricae
397 922 584 965 felicitas
615 923 806 976 contigit.
868 923 1054 964 Primam
1080 922 1191 965 enim
1219 921 1329 964 hanc
1361 920 1630 973 disciplinam

109 995 153 1038 in
193 994 302 1038 libro
341 995 500 1049 scripto
540 994 792 1038 tractabant
830 994 902 1049 qui
945 994 1051 1038 artis
1082 994 1294 1037 rationem
1336 996 1465 1047 atque
1506 1003 1630 1035 usum

111 1073 372 1122 proponeret
414 1073 458 1110 et
489 1068 811 1111 meditationem
854 1068 1067 1110 hominum
1099 1067 1153 1109 ad
1186 1072 1349 1109 certam
1380 1069 1629 1119 praecepto-

111 1153 205 1184 rum
236 1153 425 1183 normam
458 1141 680 1196 dirigeret.
741 1141 881 1182 Parva
923 1140 1094 1194 quidem
1134 1139 1258 1182 initia
1298 1142 1422 1181 erant
1454 1151 1505 1181 ex
1536 1137 1628 1191 qui-

112 1212 194 1255 bus
233 1217 357 1255 tanta
401 1213 669 1266 eloquentiae
709 1212 915 1254 miracula
958 1211 1244 1265 provenirent.
1312 1213 1370 1254 At
1414 1209 1632 1264 profectus

112 1286 183 1328 ille
228 1286 527 1329 documentum
567 1286 704 1329 edidit
745 1289 952 1339 quantum
989 1284 1210 1328 efficerent
1241 1285 1386 1328 studia
1417 1284 1634 1326 hominum

112 1358 155 1400 in
185 1370 314 1400 unum
344 1358 524 1413 collata,
566 1371 675 1413 quae
707 1358 947 1401 doctrinam
978 1371 1002 1401 a
1032 1357 1247 1412 prioribus
1279 1360 1502 1411 exceptam
1534 1369 1633 1399 con-

112 1431 299 1474 tinenter
338 1436 568 1486 augerent,
621 1432 756 1475 donec
799 1432 921 1485 copia
975 1432 1070 1485 ipsa
1122 1432 1391 1475 mirationem
1445 1433 1636 1473 moveret

113 1505 311 1555 (Aristot.
346 1504 385 1547 S.
420 1504 468 1546 E.
504 1508 569 1547 33.
608 1504 692 1558 15).

229 1576 458 1629 Euripides
490 1575 580 1619 fere
612 1589 707 1620 cum
737 1580 941 1619 nascente
974 1580 1068 1620 arte
1100 1581 1246 1629 natus,
1280 1589 1374 1620 cum
1405 1589 1450 1619 se
1482 1575 1637 1619 studiis

111 1649 200 1691 illis
232 1650 364 1691 multo
397 1649 550 1691 ardore
582 1649 906 1702 immiscuisset,
950 1650 1043 1702 ipse
1084 1661 1249 1702 quoque
1280 1650 1506 1702 plusquam
1537 1661 1638 1701 poe-

114 1726 185 1763 tae
216 1722 458 1775 prodesset,
488 1721 531 1763 in
564 1721 644 1763 hac
663 1734 709 1764 re
732 1721 983 1764 elaboravit.
1045 1722 1174 1765 Cuius
1191 1735 1243 1764 ex
1262 1722 1477 1765 thesauris
1502 1735 1640 1776 pauca

114 1794 369 1846 depromere
410 1795 511 1835 mihi
554 1795 595 1835 in
641 1794 781 1836 animo
815 1798 910 1847 est,
939 1798 987 1836 ut
1019 1795 1224 1847 exemplis
1255 1794 1460 1837 subiectis
1492 1795 1638 1850 vigen-

112 1868 202 1907 tem
232 1864 491 1908 rhetoricam
525 1865 798 1909 considerare
829 1866 1054 1919 possimus.

229 1938 467 1991 Antequam
500 1943 643 1980 tamen
678 1938 732 1981 ad
766 1938 1018 1992 Euripidem
1049 1938 1331 1991 accedamus,
1362 1951 1539 1982 necesse
1572 1943 1639 1982 est

113 2014 277 2062 artem,
322 2010 487 2064 qualem
521 2011 613 2065 ipse
645 2010 858 2064 didicerit,
891 2011 1125 2067 diligenter
1155 2012 1324 2055 intueri.
1385 2013 1532 2067 lnique
1565 2025 1639 2055 au-

112 2085 202 2125 tem
243 2083 403 2126 accidit
444 2088 492 2127 ut
523 2086 651 2127 Artes
691 2085 779 2139 Jam
823 2088 912 2128 tum
952 2085 1159 2139 temporis
1198 2086 1353 2138 tritae,
1399 2086 1640 2129 insectante

117 2154 321 2208 Platone,
366 2157 601 2200 Aristotele
644 2158 922 2212 emendante,
966 2158 1159 2201 funditus
1202 2159 1478 2213 deperierint.
1551 2158 1641 2202 Nec

114 2227 339 2270 Aristoteli
371 2228 477 2282 ipsi,
520 2230 591 2283 qui
622 2236 856 2285 praecepta
887 2231 1073 2273 omnium
1105 2231 1294 2284 priorum
1327 2232 1567 2286 conquisita
1597 2232 1640 2274 in

113 2313 243 2343 unum
286 2301 511 2354 conduxit,
556 2308 656 2357 post
697 2305 965 2347 saeculorum
1012 2305 1167 2346 seriem
1219 2306 1372 2348 melius
1420 2306 1641 2347 successit.

114 2371 252 2415 Periit
282 2372 503 2431 Συναγωγὴ
536 2383 699 2433 τεχνῶν,
733 2389 841 2431 quae
873 2377 915 2418 in
947 2389 1077 2420 causa
1108 2376 1213 2430 fuit,
1257 2382 1304 2421 ut
1333 2379 1500 2432 priores
1531 2378 1641 2421 inte-

114 2445 250 2488 rirent
293 2447 385 2500 (Cic
416 2449 503 2491 Inv.
538 2451 576 2503 2,
610 2453 648 2503 2,
682 2451 740 2503 6).
815 2450 1006 2493 Disiecta
1045 2455 1249 2504 tanquam
1290 2451 1504 2503 membra,
1548 2464 1643 2495 rur-

117 2530 189 2562 sus
222 2531 314 2561 cum
345 2520 480 2564 multa
512 2521 725 2566 industria
747 2528 895 2566 nostra
928 2526 1073 2566 aetate
1105 2524 1300 2579 collecta,
1332 2525 1394 2567 ita
1416 2525 1643 2578 disponere

120 2596 299 2634 conatus
331 2605 437 2645 sum,
468 2598 517 2636 ut
546 2608 630 2638 uno
661 2596 739 2638 sub
773 2601 1016 2650 conspectu,
1050 2597 1151 2650 quid
1172 2597 1330 2651 ubique
1362 2603 1490 2650 poeta
1523 2611 1644 2640 secu-

116 2666 186 2706 tus
230 2663 309 2716 sit,
355 2667 694 2711 commodissime
740 2670 927 2723 perspici
970 2670 1120 2723 possit.
1192 2669 1328 2721 Quam
1369 2670 1478 2713 viam
1522 2670 1645 2712 Plato

115 2736 321 2792 praeivit,
361 2751 439 2781 nos
482 2741 642 2794 optime
674 2754 922 2796 sequemur,
962 2742 1024 2785 ita
1065 2747 1114 2786 ut
1147 2742 1200 2786 ab
1233 2743 1409 2786 exordio
1449 2742 1645 2797 profecti,

118 2822 265 2854 omnes
296 2810 503 2854 orationis
535 2817 684 2865 partes
715 2827 1039 2870 percurramus,
1084 2815 1219 2858 donec
1248 2816 1304 2858 ad
1336 2815 1648 2859 conclusionem

1268 2893 1284 2932 1
