1910 3154
884 83 936 123 37

165 195 343 239 Omnino
381 194 663 239 conferendus
694 196 816 239 Plato
849 196 1144 251 (Phaedr.267
1161 196 1207 239 B.
1241 194 1445 251 συντομίαν
1478 210 1518 236 τε
1546 194 1674 248 λόγων

165 267 295 324 Gorg.
327 272 409 312 449
435 280 470 311 c.
505 283 609 324 φημι
649 268 799 324 μηδένα
839 268 883 310 ἃν
922 270 960 311 ἐν
995 269 1249 325 βραχυτέροις
1280 270 1377 325 ἐμοῦ
1407 267 1455 309 τὰ
1486 266 1585 308 αὐτὰ
1617 267 1674 307 εἰ-

163 344 260 397 πεῖν,
292 343 408 385 Prot.
443 344 525 385 329
545 342 592 384 B.
624 340 724 383 κατὰ
757 342 915 399 βραχύ).

277 414 422 457 Etiam
452 414 495 456 in
527 414 898 458 commiseratione
929 416 1136 459 movenda
1158 416 1264 458 artis
1285 428 1367 458 non
1390 415 1670 468 obliviscitur,

162 492 210 532 ut
230 491 352 542 patet
373 488 415 530 in
431 487 668 531 Troadibus
691 487 790 544 (466
812 487 922 545 sqq.)
951 492 994 532 et
1022 489 1066 531 in
1087 487 1264 532 Hecuba
1296 488 1397 543 (585
1416 501 1492 542 sq.,
1515 487 1567 531 cf.
1587 490 1669 531 486

165 560 309 614 -87).
372 560 480 601 Tota
512 559 554 600 in
585 561 706 612 poesi
735 560 841 602 nihil
872 564 938 602 est
967 564 1057 602 tam
1088 560 1343 608 miserabile,
1378 572 1504 613 quam
1525 560 1600 601 illa
1622 572 1673 602 ex

162 632 291 676 beato
321 632 478 675 misera
500 631 606 688 (Cic.
622 632 737 675 Part.
766 632 837 677 Or.
863 636 928 686 18,
949 632 1035 687 57).
1096 633 1153 674 At
1182 632 1225 674 in
1256 633 1394 675 altero
1426 632 1517 675 loco
1550 631 1671 687 (Hec.

167 704 289 759 592),
322 705 434 747 inter
466 704 653 747 dolorem
684 704 821 748 adhuc
852 708 1079 756 recentem,
1112 705 1265 747 testari
1295 708 1439 758 potest
1469 708 1674 758 quantum

165 775 393 818 adiuvante
412 777 578 817 natura
607 778 841 828 praecepta
870 774 1041 817 valeant
1081 774 1242 828 (Quint.
1278 778 1321 826 l,
1351 787 1537 828 prooem.
1571 774 1670 831 26):

163 848 207 889 in
237 847 388 899 altero,
419 850 624 901 tanquam
656 859 706 889 ex
736 847 967 898 cathedra,
999 847 1093 900 ipsa
1123 848 1344 901 praecipit.
1407 847 1526 898 Quod
1560 848 1671 890 enim

162 920 295 963 iterat
314 920 595 962 Anaximenes
625 927 755 966 κακῶς
787 920 1026 966 πεπονθότας
1057 922 1083 974 ἢ
1115 918 1339 976 πάσχοντας
1369 920 1672 975 ἢπεισομένους

164 992 218 1047 (c.
238 996 305 1047 35,
326 996 363 1044 3,
396 995 499 1034 c.37
525 991 808 1046 saepissime),
839 991 882 1034 id
915 992 1095 1034 totidem
1126 991 1266 1034 verbis
1297 991 1494 1035 Hecuba:
1526 991 1671 1049 πάσχω

163 1080 205 1105 τε
234 1063 300 1105 καὶ
330 1064 510 1105 πέπονθα
538 1062 627 1105 κᾶτι
658 1064 844 1119 πείσομαι
888 1064 976 1119 (Tr.
1010 1065 1126 1118 468).
1200 1065 1310 1108 Illud
1352 1065 1482 1108 etiam
1522 1064 1606 1122 ἔχει
1636 1081 1673 1107 τι

165 1141 303 1193 σχῆμα
334 1138 371 1180 si
400 1150 483 1179 non
514 1137 568 1179 ad
601 1137 707 1179 artis
737 1140 983 1190 praecepta,
1014 1140 1159 1179 tamen
1182 1137 1238 1179 ad
1258 1150 1381 1180 usum
1402 1138 1672 1181 referendum

165 1213 255 1252 est:
304 1213 347 1252 et
377 1208 507 1252 verba
548 1210 643 1263 ipsa
674 1209 832 1263 optime
863 1222 953 1251 rem
983 1210 1284 1264 proponentia,
1329 1211 1451 1264 quasi
1490 1210 1671 1254 formula

165 1283 393 1335 quaedam,
425 1282 593 1324 laudari
623 1285 803 1334 possunt
835 1282 1083 1336 (470—71).
1145 1282 1342 1324 Proxima
1372 1283 1510 1338 magis
1541 1283 1671 1326 etiam

164 1353 220 1398 ad
250 1355 438 1398 scholam
471 1353 808 1397 conformantur:
842 1354 1078 1409 (472-73)

391 1501 470 1547 τοῖς
503 1498 578 1556 γὰρ
608 1500 763 1541 κακοῖσι
791 1499 938 1541 πλείον’
970 1498 1093 1541 οἶκτον
1126 1500 1302 1556 ἐμβαλῶ.

280 1572 400 1623 Quod
421 1573 574 1615 Latine
597 1576 764 1615 vertere
794 1575 933 1626 potes,
966 1572 1121 1614 omisso
1154 1572 1293 1615 colore
1325 1572 1516 1626 poetico:
1552 1573 1670 1629 „Pri-

162 1657 256 1688 mus
285 1646 403 1688 locus
436 1649 502 1688 est
531 1645 863 1698 misericordiae,
894 1657 972 1698 per
1003 1657 1139 1699 quem,
1170 1644 1321 1698 quibus
1352 1646 1395 1687 in
1426 1645 1547 1688 bonis
1578 1646 1669 1690 fue-

162 1717 250 1760 rint
281 1722 324 1760 et
353 1730 462 1760 nunc
493 1716 644 1771 quibus
674 1717 718 1759 in
748 1716 871 1759 malis
915 1716 1021 1771 sint,
1063 1715 1327 1759 ostenditur“
1372 1717 1476 1772 (Cic.
1508 1718 1595 1761 Inv.
1634 1722 1670 1773 1,

163 1793 230 1843 55,
267 1791 379 1843 106).

276 1861 325 1903 Id
366 1860 565 1904 subtilius
608 1860 720 1914 apud
760 1864 930 1914 poetam
973 1860 1165 1911 invenio,
1211 1861 1377 1904 scilicet
1406 1874 1500 1905 eum
1532 1866 1670 1905 artem

162 1933 358 1988 prodere,
389 1946 472 1976 non
503 1938 668 1976 tantum
701 1946 752 1976 ex
783 1946 832 1976 eo
864 1933 975 1987 quod
1007 1933 1151 1984 faciat,
1184 1934 1260 1976 sed
1292 1947 1342 1976 ex
1374 1947 1423 1977 eo
1454 1935 1565 1988 quod
1596 1948 1670 1978 no-

161 2007 213 2049 lit
244 2011 319 2050 aut
347 2010 475 2049 vetet.
545 2007 695 2060 Itaque
725 2007 769 2047 in
799 2006 900 2048 sede
931 2007 1219 2049 miserationis
1250 2008 1423 2060 propria
1446 2007 1490 2048 οὐ
1510 2008 1588 2064 χρὴ
1611 2010 1671 2050 οἰ-

160 2079 321 2136 κτείρειν
351 2079 523 2133 (Troad.
556 2080 682 2134 403):
726 2079 786 2121 sic
819 2079 880 2121 ait
911 2078 1131 2121 Menelaus
1163 2091 1208 2121 se
1253 2080 1514 2125 lacrimando
1543 2095 1671 2135 posse

160 2154 478 2197 miserationem
507 2165 689 2204 movere,
722 2152 797 2194 sed
829 2152 940 2194 nolle
975 2151 1095 2206 (Hec.
1131 2151 1245 2208 991).
1306 2153 1427 2196 Idem
1448 2154 1670 2199 Menelaus

160 2227 360 2270 lacrimas
400 2227 490 2268 vult
530 2227 692 2269 siccare
733 2224 782 2281 (Ι.
817 2226 862 2266 A.
895 2224 1011 2278 496).
1087 2224 1376 2269 Miserationis
1414 2228 1672 2271 mentionem

158 2299 279 2342 inicit
310 2299 497 2342 Tiresias
529 2299 622 2353 (Ph.
656 2297 768 2351 957).
842 2296 1006 2339 Eodem
1048 2295 1212 2338 referas
1255 2297 1387 2341 verba
1430 2299 1596 2343 Orestis
1627 2302 1671 2343 in

158 2371 305 2415 fabula
349 2372 592 2425 cognomine
633 2372 766 2426 (702).
838 2370 989 2412 Omnia
1030 2382 1079 2410 ex
1111 2369 1291 2424 epilogo.
1364 2372 1412 2412 In
1454 2374 1670 2429 epilogum

161 2458 325 2500 quoque
369 2445 484 2488 cadit
523 2444 746 2499 productio
790 2456 896 2497 quae
929 2442 1094 2485 dicitur.
1171 2443 1236 2485 Ad
1278 2443 1320 2486 id
1362 2446 1597 2499 respiciens
1626 2447 1670 2489 in

160 2518 500 2561 conciliationem
545 2517 702 2559 liberos
746 2520 894 2558 evocat
937 2515 1090 2557 Medea
1134 2515 1267 2571 (894).
1344 2517 1670 2563 Productionem

158 2591 357 2645 proponit
374 2590 671 2645 Clytemestra,
702 2602 779 2656 nec
810 2592 953 2631 tamen
985 2587 1168 2641 puellam
1199 2588 1398 2641 producit
1421 2590 1470 2644 (Ι.
1488 2591 1666 2648 Α.τ990).

157 2660 387 2703 Productio
428 2659 475 2701 fit
515 2661 636 2713 pueri
677 2661 719 2701 in
752 2659 900 2701 eadem
931 2657 1076 2699 fabula
1107 2658 1280 2712 (1241):
1328 2658 1376 2700 fit
1420 2673 1585 2714 quoque
1625 2663 1668 2703 in

159 2732 401 2776 Heraclidis
434 2731 568 2787 (228).
630 2731 718 2774 Nec
752 2730 963 2774 absimilia
995 2733 1092 2772 sunt
1124 2742 1231 2783 quae
1263 2730 1441 2775 Hecuba
1473 2734 1556 2776 ait:
1588 2733 1670 2776 ἔστι

160 2803 234 2861 γὰρ
274 2803 389 2846 τέκνα
429 2802 494 2845 καὶ
534 2804 636 2860 τῷδε
680 2804 782 2859 (340
822 2801 908 2846 Cic.
941 2802 1028 2845 Inv.
1065 2806 1110 2854 l,
1139 2805 1205 2845 55.
1248 2803 1386 2848 LOCUS
1428 2807 1667 2864 septimus).
