1910 3154
924 79 978 117 68

167 190 351 236 'duabus
396 205 448 235 ex
488 192 724 246 Hippolyto
764 190 1032 235 orationibus
1064 215 1119 220 -
1166 202 1272 243 quas
1316 189 1402 232 iam
1435 192 1634 235 tractavi.
1666 215 1722 221 —-

187 265 345 309 Thesei
377 269 422 308 et
452 265 690 319 Hippolyti.
754 264 945 307 Theseus
986 276 1071 306 uno
1117 266 1374 318 argumento
1407 263 1590 306 maxime
1622 264 1723 306 niti-

183 341 282 380 tur:
328 338 428 379 inde
459 337 642 390 simplex
673 337 941 378 enumeratio
981 336 1049 377 vel
1081 333 1325 377 affirmatio.
1388 335 1649 389 Hippolytus
1680 336 1723 377 in

183 407 421 451 refellendo
463 409 602 451 multa
644 408 862 450 contrahit
900 431 956 437 —
987 406 1285 449 iusiurandum
1318 430 1369 437 -—
1404 418 1526 450 suam
1557 411 1722 461 tempe-

182 481 372 522 rantiam
388 504 442 510 -
458 479 635 523 dubiam
656 480 808 522 mortis
831 491 1072 522 causam—
1097 479 1197 531 (971
1233 477 1269 518 τί
1289 480 1414 519 ταῦτα
1432 502 1486 508 —
1505 482 1613 529 1032
1629 491 1722 532 sqq.

184 550 452 605 ὂειμαίνουσ’;
486 550 564 607 οὐχ
594 549 746 606 ἔχουσα
777 549 1022 605 σωφρονεῖν;
1067 548 1184 603 ἡμεῖς
1216 546 1409 604 ἔχοντες).
1480 549 1530 592 In
1572 549 1724 592 eadem

184 623 346 676 fabula,
379 624 580 666 Phaedra
622 623 685 665 ait
737 623 840 676 (419
881 623 1015 675 sqq.):
1065 619 1159 661 αὐτὸ
1203 621 1307 661 τοῦτ’
1348 636 1384 661 κ.
1418 636 1450 662 τ.
1483 622 1518 663 λ.
1591 622 1725 664 Plura

182 698 329 740 nutrix
357 696 401 739 in
431 696 759 750 respondendo:
792 696 892 750 λῆγε
922 697 1056 735 κακῶν
1092 697 1247 749 φρενῶν
1286 719 1337 725 -
1368 695 1484 749 λῆξον
1519 693 1723 750 ὑβρίζουσ’

184 793 241 799 -
271 769 400 823 τόλμα
423 768 457 808 δ’
491 767 760 823 ἐρῶσα-εὖ
796 801 804 810 .
840 799 848 808 .
884 799 892 807 .
924 766 1203 822 καταστρέφω)
1227 792 1284 796 -—
1315 764 1410 807 εἰσὶν
1442 765 1609 822 ἐπῳδαί,
1642 782 1725 822 φα-

182 841 348 896 νήσεται
379 838 589 897 φάρμακον
623 839 726 896 (473
759 840 866 894 sq.)..

304 914 499 955 Tertium
531 925 669 968 genus
711 916 779 954 est
818 913 1121 967 interrogandi
1154 912 1488 967 (προσερωτῶντα
1520 911 1653 962 Quint
1684 916 1724 963 6,

188 988 226 1035 1,
262 988 284 1027 5
321 983 661 1040 „Postulandum
702 982 756 1026 ab
800 983 1062 1027 adversariis
1106 986 1154 1026 ut
1201 983 1258 1026 ad
1302 983 1514 1037 quaedam
1547 995 1725 1037 respon-

184 1057 376 1110 deant“).
441 1056 703 1109 Saepissime
748 1056 862 1108 apud
904 1056 1158 1108 Euripidem
1201 1057 1406 1098 invenies.
1479 1057 1537 1098 Et
1566 1057 1725 1098 transi-

185 1129 346 1172 tionem
395 1131 520 1171 notat
572 1131 616 1170 et
666 1127 908 1170 orationem
957 1127 1111 1170 variat.
1174 1126 1594 1181 Interrogationibus
1639 1127 1725 1170 De-

184 1202 457 1244 mosthenem
487 1201 659 1254 egregie
690 1201 754 1242 uti
785 1204 932 1243 notum
965 1204 1045 1243 est.
1070 1201 1312 1243 —Seriem
1342 1201 1727 1253 interrogationum

185 1273 321 1315 habes
374 1273 534 1327 (σχῆμα
588 1270 828 1326 ἐρωτήσεως
869 1273 946 1313 An.
994 1275 1076 1322 37,
1124 1272 1212 1325 43).
1285 1272 1463 1314 Electra
1507 1275 1615 1313 1041
1662 1283 1725 1325 sq.

184 1345 344 1388 Phoen.
366 1347 474 1386 1615
489 1344 681 1400 (σχῆμα).
745 1344 892 1397 Suppl.
917 1346 1017 1395 246,
1037 1347 1119 1385 457
1139 1344 1505 1399 (προσερωτῶντα).
1568 1343 1724 1386 Troad.

186 1420 285 1467 674,
320 1419 418 1459 961.

304 1488 442 1542 Saepe
474 1488 512 1531 is
544 1488 617 1541 qui
646 1491 825 1541 perorat
868 1500 945 1530 sua
977 1490 1021 1529 et
1053 1487 1293 1531 adversarii
1326 1490 1583 1544 argumenta
1612 1487 1728 1530 inter

187 1573 233 1603 se
267 1564 491 1613 comparat
532 1561 623 1614 (Ar.
656 1560 736 1601 Rh.
772 1563 810 1613 3,
847 1563 920 1611 19,
965 1560 1003 1604 ἐξ
1048 1559 1369 1615 ἀντιπαραβολῆς
1402 1562 1534 1603 Anax.
1570 1565 1638 1616 37,
1670 1566 1725 1605 43

186 1635 263 1672 τῶν
311 1630 378 1686 μὲν
423 1633 572 1672 σαυτοῦ
614 1629 663 1670 τὰ
708 1630 892 1685 βέλτιστα
941 1637 1015 1671 τῶν
1059 1631 1094 1670 δ’
1139 1629 1323 1671 ἐναντίων
1368 1630 1415 1672 τὰ
1461 1633 1724 1688 φαυλότατα).

185 1702 397 1755 Exempla
441 1702 485 1743 in
527 1701 850 1743 enumeratione
895 1704 1021 1743 sunt:
1065 1700 1155 1743 Alc.
1191 1704 1273 1743 792
1307 1714 1398 1755 sqq.
1464 1702 1593 1745 Andr.
1629 1706 1726 1757 361,

188 1778 285 1816 688.
349 1774 454 1815 Hec.
489 1776 586 1815 326.
649 1773 738 1815 Ion.
774 1776 857 1814 644
889 1773 921 1814 Ι.
957 1775 1004 1814 A.
1042 1776 1176 1815 1206:
1219 1774 1268 1815 In
1309 1774 1620 1817 dinumerando
1653 1774 1724 1818 Or.

190 1849 287 1888 534.
351 1845 535 1899 Cyclops
568 1848 664 1887 336.

302 1917 409 1959 Eius
441 1916 776 1959 enumerationis
807 1916 850 1957 in
892 1928 976 1969 qua
1005 1916 1054 1958 fit
1086 1917 1210 1970 quasi
1232 1918 1450 1972 regressio
1483 1915 1727 1973 (ἐπάνοδος).

186 1990 443 2043 Exemplum
472 1989 571 2032 vide
605 1988 676 2031 Or.
712 1992 795 2031 704
827 2000 890 2042 sq.
922 1991 1016 2035 ναῦς
1048 1989 1257 2030 ἐνταθεῖσα
1288 1993 1371 2032 706
1404 2010 1457 2024 =
1491 1993 1572 2033 702
1605 1988 1729 2032 ἐντεί-

183 2075 311 2103 νοντι;
366 2063 524 2116 μισοῦσι
566 2061 601 2101 δ’
646 2058 758 2101 ἀστοὶ
792 2063 875 2102 709
910 2080 963 2095 =
999 2064 1081 2103 696
1131 2061 1223 2103 ὅταν
1270 2062 1353 2118 ἡβᾷ
1393 2063 1542 2117 ὃῆμοςῑ
1585 2064 1728 2106 σώσειν

185 2133 310 2189 σοφίᾳ
343 2137 499 2176 710=
528 2136 611 2176 692
646 2133 864 2188 μαλθακοῖς
896 2133 1055 2186 λόγοις;
1089 2134 1218 2190 λόγχῃ
1253 2139 1323 2189 μιᾷ
1353 2137 1435 2176 712
1469 2154 1523 2169 =
1557 2138 1728 2180 GBS—9

184 2204 295 2246 κενὸν
330 2205 425 2260 δόρυ
471 2203 591 2261 ἔχων.
656 2204 709 2247 cf.
745 2205 834 2247 Alc.
870 2208 977 2256 858,
1013 2209 1109 2247 959.
1172 2206 1345 2250 Heracl.
1381 2209 1477 2249 320.
1541 2207 1594 2250 H.
1627 2208 1726 2251 Fur.

190 2280 301 2319 1334
335 2277 391 2331 (si
421 2277 523 2319 inde
556 2276 715 2329 epilogi
746 2276 916 2319 initium
949 2277 1164 2331 sumitur).
1229 2277 1301 2320 Or.
1337 2280 1433 2320 534.

304 2348 488 2391 Unicum
530 2351 651 2390 extat
692 2348 934 2401 exemplum
975 2348 1157 2391 duorum
1186 2350 1303 2392 intra
1329 2362 1456 2392 unam
1489 2351 1730 2394 orationem

185 2420 457 2476 epilogorum
488 2419 586 2474 (No.
608 2419 721 2474 124).
782 2420 839 2462 At
871 2419 951 2463 sub
974 2419 1101 2474 finem
1132 2425 1273 2481 mater
1299 2420 1410 2467 filios
1442 2421 1592 2467 ambos
1623 2424 1729 2467 allo-

188 2494 347 2547 quitur,
380 2493 500 2535 duali
527 2505 607 2535 usa
638 2505 817 2535 numero
851 2494 1031 2548 (μέθετον
1069 2496 1185 2548 584).

305 2564 570 2618 Saepissime
603 2564 721 2607 nulla
753 2569 821 2607 est
847 2565 964 2608 iusta
995 2579 1142 2609 rerum
1168 2568 1386 2621 repetitiO.
1449 2567 1554 2611 Cum
1585 2570 1731 2611 autem

186 2637 284 2679 finis
316 2637 506 2678 omnium
539 2637 781 2678 orationum
814 2637 874 2679 sit
904 2638 1102 2690 suadere,
1135 2640 1179 2680 in
1202 2640 1373 2692 epilogo
1404 2638 1500 2681 finis
1531 2640 1604 2682 ille
1636 2644 1731 2682 tan-

186 2712 278 2751 tum
309 2707 556 2761 respicitur.
619 2707 738 2764 Ergo
777 2708 870 2751 vice
912 2710 1250 2754 enumerationis
1279 2710 1494 2765 fungitur:
1546 2715 1582 2753 1.
1614 2710 1731 2754 Indi-

189 2782 307 2824 catio
351 2780 550 2834 capiendi
593 2780 782 2832 consilii,
831 2785 907 2823 aut
952 2781 1039 2825 iam
1081 2784 1200 2836 capti
1242 2782 1439 2826 defensio
1485 2781 1730 2839 (προτροπὴν
