1910 3154
918 79 967 118 12

180 194 411 237 Aristotele
444 193 753 247 reprehensum
785 205 880 236 esse
909 194 994 236 iam
1027 193 1223 248 vidimus,
1256 191 1368 247 quod
1399 189 1530 234 verba
1561 203 1710 244 super-

178 279 365 310 vacanea
407 265 577 308 finxerit
621 266 717 320 (Rh.
753 269 790 320 3,
827 266 910 320 17).
972 266 1061 308 Iam
1096 266 1151 309 ad
1183 267 1258 309 illa
1290 265 1561 321 ἀποπλάνησιν
1594 263 1710 311 ὄζους

178 339 441 381 redeundum
476 342 555 381 est.
618 340 676 382 Et
708 340 825 391 prius
857 337 1035 381 verbum
1067 340 1185 382 dicas
1208 340 1312 382 nihil
1332 340 1447 382 aliud
1471 337 1710 392 significare

178 424 305 467 quam
338 411 644 467 egressionem,
677 424 771 454 cuni
818 411 931 454 idem
975 412 1087 466 apud
1129 412 1350 455 Platonem
1382 412 1490 467 (Pol.
1524 415 1622 457 263.
1644 411 1709 467 O.)

177 485 421 528 inveniatur
453 498 588 539 neque
630 498 759 528 sensu
792 485 974 527 diverse.
1048 485 1134 528 Ubi
1164 490 1306 528 tamen
1337 489 1454 528 totus
1486 487 1602 528 locus
1634 498 1709 528 nos

179 558 305 612 quasi
347 558 402 601 ad
446 571 569 602 usum
609 557 730 601 verbi
771 562 899 612 parat
941 562 986 601 et
1017 558 1136 602 ducit
1164 583 1220 590 —
1252 556 1328 600 ἀπὸ
1360 560 1428 599 τοῦ
1460 590 1468 598 .
1505 591 1513 598 .
1549 592 1557 600 .
1588 558 1708 613 λόγου

176 633 466 687 πεπλανήμεθα
500 664 506 671 .
541 664 549 672 .
585 665 592 672 .
627 664 635 672 .
670 630 891 686 ἐπανίωμεν
933 630 1048 672 πάλιν
1084 664 1266 672 .....
1298 630 1341 672 τὸ
1372 636 1441 686 τῆς
1474 631 1709 686 ἀποπλανή-

178 721 280 753 σεως
312 706 452 747 ὁπόθεν
486 706 592 761 ἡμᾶς
627 706 734 762 δεῦρ’
766 705 915 761 ἤγαγεν
951 708 1053 759 (263
1087 706 1135 748 A.
1170 705 1248 760 C.).

290 792 403 835 Illud
436 791 552 839 ὄζους
584 791 833 835 obscurius:
882 792 987 833 nihil
1026 792 1178 835 melius
1218 793 1386 835 videtur
1417 804 1542 846 quam
1576 791 1706 835 Scho-

176 867 332 908 liastae
363 867 694 919 interpretatio:
740 865 847 918 ὄζοι,
890 864 938 907 τὰ
969 864 1071 921 ἄκρα
1101 866 1190 921 ἤτοι
1220 864 1267 907 τὰ
1298 866 1485 922 προοίμια
1522 864 1587 907 καὶ
1619 865 1707 913 τοὺς

175 935 382 991 ἐπιλόγους
432 938 637 991 (Spengel
681 939 727 979 A.
763 938 803 980 S.
838 937 925 992 89).
1017 938 1168 979 Versio
1218 938 1337 991 Copii
1383 939 1521 981 minus
1564 939 1707 991 placet

178 1010 562 1066 (‚,ramificati0ns“
609 1012 646 1054 J.
682 1011 722 1054 S.
760 1011 804 1054 C.
836 1011 945 1053 Phil.
979 1010 1057 1053 No.
1092 1014 1129 1054 9.
1173 1024 1213 1064 p.
1249 1014 1329 1053 255
1363 1024 1447 1064 sq.:
1493 1010 1707 1065 improbat

175 1084 305 1127 etiam
339 1084 505 1139 Sandys
537 1085 592 1127 ad
624 1086 695 1126 Ar.
729 1084 807 1126 Rh.
840 1085 865 1126 l.
900 1097 934 1127 c.
968 1084 1033 1126 ed.
1068 1083 1215 1138 Cope).

289 1173 396 1215 Rem
426 1174 692 1216 notissimam
717 1185 813 1216 esse
845 1186 897 1216 ex
926 1172 1115 1215 Isocrate
1148 1176 1316 1215 constat
1346 1174 1483 1228 (Pan,
1518 1173 1604 1228 74),
1636 1173 1707 1227 qui

175 1258 347 1289 manum
379 1244 587 1289 artificem
627 1259 708 1289 non
742 1247 865 1290 celat.
929 1246 1050 1289 Hunc
1094 1258 1140 1289 re
1184 1246 1343 1300 optime
1384 1249 1577 1289 utentem
1608 1246 1704 1288 Ari-

175 1320 357 1362 stoteles
390 1319 667 1373 comprobat,
713 1321 871 1362 saltem
904 1320 946 1361 in
980 1319 1314 1362 demonstrativo
1345 1332 1501 1373 genere
1533 1320 1630 1373 (Rh.
1666 1323 1703 1375 3,

179 1394 346 1446 17,11).
408 1392 615 1446 Exempla
650 1391 783 1435 habes
817 1393 859 1434 in
889 1392 1082 1435 Helenae
1114 1391 1318 1434 Encomio
1352 1391 1394 1447 (ἓ
1410 1393 1599 1445 22-38)
1631 1390 1705 1435 ubi

174 1466 244 1504 ter
274 1474 321 1504 se
355 1467 530 1505 excusat
563 1462 604 1517 (ἓ
638 1466 706 1514 22,
741 1466 808 1514 29,
843 1463 928 1516 38).
1004 1463 1051 1504 111
1083 1462 1403 1505 Panathenaica
1433 1462 1626 1505 oratione
1657 1461 1704 1505 fit

172 1534 216 1576 in
249 1546 294 1577 se
327 1535 571 1577 excusando
603 1534 829 1577 verbosior
864 1536 911 1589 (l.
933 1536 1001 1588 C.).
1064 1535 1252 1577 Excusat
1283 1547 1329 1577 se
1362 1534 1589 1588 Euripides
1620 1548 1703 1578 non

175 1608 308 1651 semel
341 1608 463 1662 (Hec.
499 1612 595 1660 603,
628 1608 680 1651 Η.
715 1609 759 1651 F.
796 1606 940 1664 204.):
974 1608 1145 1662 saepius
1176 1611 1306 1651 tacet.

291 1695 533 1737 Licentiam
565 1695 814 1748 egrediendi
846 1695 1012 1748 longius
1043 1707 1316 1748 progressam
1358 1695 1473 1750 (ὅπερ
1506 1695 1540 1735 οἱ
1573 1694 1703 1750 Ἀθή-

172 1783 263 1822 νησι
295 1767 457 1822 ῥήτορες
491 1769 648 1808 ποιοῦσι
681 1768 752 1809 Ar.
780 1767 858 1809 Rh.
895 1770 932 1820 3,
970 1770 1033 1818 17,
1072 1770 1142 1820 10)
1184 1767 1251 1809 lex
1285 1767 1589 1823 Areopagitica
1633 1780 1702 1811 co-

172 1838 313 1881 hibuit
345 1840 435 1891 (Ar.
472 1839 547 1881 Rh.
586 1844 620 1890 l,
657 1843 692 1892 1,
727 1840 783 1892 5).
846 1838 903 1880 Et
935 1839 1087 1892 Lysias
1130 1850 1328 1892 egressus
1367 1839 1481 1892 apud
1512 1840 1702 1893 Areopa-

174 1912 290 1968 gitas
307 1912 454 1954 statim
470 1912 610 1954 redit:
644 1912 711 1954 cui
743 1912 914 1965 quidem
945 1925 1015 1954 res
1042 1924 1123 1953 non
1142 1912 1301 1965 optime
1321 1912 1529 1965 procedat
1560 1912 1701 1967 (Dion.

172 1985 280 2027 Isoc.
314 1988 353 2035 4,
390 1985 457 2025 Ar.
492 1984 570 2025 Rh.
604 1984 629 2025 l.
658 1995 692 2026 c.
727 1983 876 2036 Cope).
940 1983 1128 2039 Gorgiae
1162 1996 1308 2025 vocem
1338 1984 1537 2036 equidem
1567 1985 1703 2038 magis

173 2056 315 2100 obiter
344 2056 552 2098 iactatam
584 2068 711 2109 quam
748 2068 800 2098 ex
835 2059 928 2098 arte
960 2060 1241 2109 praeceptum
1271 2055 1477 2098 dixerim:
1511 2056 1602 2111 (Ar.
1622 2056 1702 2100 Rh.

175 2132 212 2179 3,
250 2132 314 2181 17,
353 2132 416 2183 10,
450 2127 498 2171 Ο.
531 2129 579 2170 Α.
613 2127 692 2182 frg.
728 2128 795 2183 8):
840 2140 886 2170 se
929 2128 1094 2171 scilicet
1136 2140 1349 2182 nunquam
1392 2126 1516 2170 defici
1547 2129 1601 2171 ad
1632 2132 1719 2172 su-'

171 2202 264 2245 bita
295 2202 575 2255 extemporali
607 2201 828 2244 facultate.
891 2203 934 2244 Is
966 2208 1111 2245 tamen
1154 2206 1198 2245 et
1228 2203 1488 2255 Protagoras
1521 2203 1597 2246 hos
1630 2216 1701 2246 ex-

173 2286 321 2317 cessus
351 2277 557 2328 tanquam
590 2285 733 2316 veram
765 2274 873 2316 artis
905 2274 1014 2316 viam
1038 2274 1260 2327 discipulis
1291 2273 1564 2317 inculcabant
1596 2273 1702 2330 (Cic.

171 2347 291 2389 Brut.
327 2350 365 2400 9,
398 2350 468 2400 46,
501 2347 571 2387 Ar.
605 2346 645 2388 S.
679 2346 728 2388 Ε.
764 2350 831 2400 33,
868 2347 954 2400 16).

291 2432 540 2487 Euripidem
572 2433 704 2486 igitur
736 2433 1012 2476 statuendum
1045 2436 1133 2487 est,
1181 2434 1215 2475 si
1260 2433 1458 2477 licentius
1499 2445 1703 2489 egressus

172 2506 243 2557 sit,
274 2519 357 2549 non
389 2509 480 2549 sine
512 2506 705 2558 exemplo
738 2506 917 2548 fecisse:
963 2506 1030 2547 vel
1070 2509 1119 2547 ut
1160 2510 1335 2558 poetae,
1383 2506 1449 2548 vel
1481 2510 1529 2549 ut
1559 2506 1703 2549 rheto—

170 2584 274 2635 rico,
307 2582 346 2624 ei
379 2581 560 2624 liberum
592 2580 686 2623 fuit.

290 2670 396 2713 Cum
428 2671 481 2712 de
514 2670 760 2723 egressione
779 2668 1069 2711 ‘Anaximenes
1102 2670 1334 2721 praecepta
1366 2679 1446 2709 non
1483 2667 1570 2721 det,
1601 2679 1703 2721 poe-

173 2748 262 2787 tam
295 2756 346 2786 ex
379 2748 474 2786 arte
506 2742 737 2786 aestimare
771 2753 854 2784 non
885 2741 998 2783 licet.
1061 2740 1170 2783 Illud
1203 2739 1434 2783 tenendum
1466 2742 1546 2792 est,
1595 2750 1704 2793 eum,

174 2830 266 2859 cum
309 2829 335 2859 a
380 2816 497 2857 nulla
541 2815 750 2858 orationis
781 2818 907 2867 parte
939 2812 1182 2866 abstineat,
1230 2825 1358 2866 saepe
1399 2816 1518 2855 amat
1556 2811 1705 2855 statim
