1910 3154
931 73 981 112 41

209 183 389 228 strativo
419 184 710 238 honestatem,
754 185 796 229 in
836 186 1024 229 iudiciali
1070 185 1330 240 aequitatem
1362 183 1588 239 primarios
1623 195 1718 226 esse

208 256 313 301 fines
344 258 440 313 (Rh.
478 264 512 311 1,
547 264 584 314 3,
618 265 656 311 5,
688 259 740 302 cf.
774 259 913 310 Quint.
947 263 985 314 3,
1018 263 1056 311 8,
1091 262 1157 313 25,
1191 259 1276 302 Cic.
1307 259 1396 301 Inv.
1429 262 1467 312 2,
1501 262 1569 309 51,
1608 256 1718 312 156).

325 331 488 375 Horum
531 345 636 376 usus
681 345 732 375 ex
771 332 1179 387 Thucydideoptime
1247 332 1405 386 dispici
1444 330 1606 385 possit:
1650 329 1721 383 qui

210 404 339 446 etiam
381 406 537 458 optime
583 406 771 448 illustrat
813 418 974 448 morem
1017 405 1136 447 illum
1179 405 1222 445 ἐκ
1266 407 1334 445 τοῦ
1379 402 1720 459 παραλειπομένου

209 477 491 531 respondendi
535 478 647 534 (Sch.
694 478 748 522 ad
787 479 916 521 Thuc.
952 481 989 531 3,
1022 481 1101 530 42,
1148 477 1334 534 Spengel
1365 478 1497 520 Anax.
1529 489 1569 530 p.
1607 474 1720 529 105).

210 551 333 604 Apud
364 564 457 594 eum
488 551 751 607 brevissima,
783 557 831 595 ut
863 552 1085 605 Spartani,
1127 552 1265 594 oratio
1307 555 1402 594 tota
1441 564 1492 593 ex
1522 550 1588 592 his
1620 561 1719 591 con-

210 626 320 677 stat,
371 622 558 678 finesque
598 637 649 668 ex
678 624 891 678 prioribus
933 623 1198 667 orationibus
1245 625 1287 666 in
1327 637 1454 667 unum
1487 622 1720 666 conductos

209 699 368 739 tractat
399 697 456 752 (l,
489 698 575 751 86).
635 698 783 741 Utitur
814 710 972 751 aequo,
1003 697 1113 749 utili,
1145 697 1349 740 honesto:
1383 696 1534 739 eadem
1566 694 1720 737 deinde

212 781 463 813 enumerans
493 770 537 812 in
569 770 733 824 epilogo
773 773 986 812 retractat
1030 769 1178 812 ordine
1209 770 1376 813 inverso
1409 774 1457 812 ut
1488 769 1545 811 sit
1575 766 1721 809 ἐπάνο-

212 842 291 888 δος.
353 842 473 893 Quod
504 843 543 886 ei
585 843 727 897 licuit,
758 843 880 885 licuit
908 842 1115 896 Euripidi.
1177 843 1294 885 Haec
1337 844 1550 885 elementa
1589 841 1722 895 igitur

211 927 294 958 non
325 915 591 971 neglegenda
621 927 715 959 esse
747 915 859 958 duxi.

326 988 475 1042 Itaque
527 988 569 1030 in
612 987 760 1031 tabula
810 988 1049 1030 orationum
1095 987 1421 1041 Euripidearum
1462 986 1720 1038 exornanda,

213 1073 308 1103 cum
337 1073 469 1114 genus
500 1061 699 1114 cuiusque
746 1061 1028 1112 addidissem,
1073 1060 1350 1113 dispositione
1382 1060 1605 1113 expedita,
1648 1072 1721 1102 eos

212 1130 317 1173 fines
348 1143 451 1185 quos
491 1131 718 1185 praecipue
757 1131 800 1173 in
842 1131 980 1174 animo
1012 1130 1212 1174 habuisse
1243 1131 1485 1185 videretur,
1531 1135 1720 1173 extremo

213 1202 395 1256 margini
434 1202 637 1255 ascripsi,
684 1201 854 1256 saepius
885 1202 1073 1245 indicato
1119 1215 1169 1245 eo
1198 1214 1325 1246 versu
1356 1215 1406 1245 ex
1437 1214 1518 1256 quo
1550 1204 1721 1245 senten-

213 1274 276 1316 tia
316 1273 474 1326 optime
517 1273 667 1316 elucet.
729 1273 885 1316 Omnes
926 1274 1141 1316 orationes
1184 1275 1349 1329 recepi,
1396 1287 1504 1328 quae
1546 1277 1722 1327 propter

214 1345 473 1388 rhetoricam
522 1345 900 1389 conformationem
948 1347 1206 1390 tractatione
1254 1347 1409 1403 dignae
1462 1347 1721 1390 viderentur.

216 1417 343 1460 Cuius
373 1417 438 1460 rei
469 1430 561 1460 cum
592 1416 776 1460 difficilis
809 1421 925 1462 esset
955 1418 1131 1469 electio,
1173 1422 1315 1461 tamen
1347 1419 1505 1461 nullam
1545 1419 1628 1460 nisi
1658 1418 1722 1459 in-

215 1490 407 1533 consulto
438 1490 723 1543 praetermisi.
779 1490 859 1533 Est
890 1491 962 1544 qui
990 1491 1092 1533 mihi
1121 1491 1224 1534 vitio
1255 1495 1408 1543 vertat,
1441 1490 1551 1545 quod
1581 1490 1625 1532 in
1654 1503 1722 1533 re-

215 1561 408 1616 cipiendo
438 1574 507 1605 me
536 1562 660 1606 nimis
690 1561 857 1606 facilem
886 1564 1186 1617 praestiterim.

513 1743 703 1793 Tabula
739 1743 1019 1794 Orationum
1050 1744 1428 1809 Euripidearum.

395 1851 524 1887 Partes
548 1853 731 1888 orationes
760 1853 835 1887 Pm.
864 1870 907 1881 =
933 1852 1150 1889 Proemium.
1200 1852 1244 1888 N.
1272 1869 1314 1883 =
1343 1853 1529 1889 Narratio.

779 1914 838 1949 Pr.
867 1930 908 1944 =
936 1914 1121 1949 Probatio.
1204 1914 1247 1949 E.
1276 1930 1317 1944 =
1343 1914 1533 1960 Epilogus.

405 1975 546 2011 Genera
593 1976 611 2011 I
637 1992 678 2006 z
705 1977 998 2012 Deliberativum.
1048 1977 1084 2011 II
1111 1993 1151 2006 z
1179 1977 1521 2013 Demonstrativum.

555 2039 608 2073 III
633 2054 676 2070 ε.-
702 2039 886 2074 Iudiciale.
1031 2039 1081 2073 IV
1108 2054 1149 2069 =
1177 2039 1322 2083 Species
1349 2040 1585 2084 Exquirendi.

328 2100 437 2135 Fines
463 2101 504 2134 A.
534 2116 576 2129 =
605 2101 776 2145 Aequum.
875 2100 918 2135 L.
946 2115 988 2129 =
1016 2099 1248 2144 Legitimum.
1348 2100 1390 2136 U.
1420 2117 1462 2131 =
1488 2101 1598 2137 Utile.

459 2162 504 2196 H.
533 2177 573 2191 =
600 2161 811 2197 Honestum.
877 2162 913 2197 C.
942 2178 984 2192 =
1012 2162 1244 2197 Conveniens.
1356 2163 1397 2199 F.
1424 2179 1466 2193 =
1493 2163 1628 2198 Facile.

466 2224 505 2259 P.
534 2240 575 2254 =
603 2223 792 2260 Possibile.
868 2224 911 2259 N.
940 2240 981 2254 =
1010 2224 1274 2260 Necessarium.

327 2300 525 2343 Alcestis.

355 2372 444 2416 Pm.
545 2374 595 2416 N.
703 2374 772 2417 Pr.
886 2374 935 2415 E.
1055 2373 1103 2416 G.
1351 2374 1491 2418 Fines.

245 2447 263 2485 1
357 2447 439 2488 280
527 2448 609 2488 282
872 2449 953 2488 320
1070 2446 1090 2487 I
1149 2447 1196 2488 A.
1232 2449 1326 2489 299.
1363 2451 1458 2489 301.

246 2518 269 2557 2
360 2520 441 2559 328
532 2521 613 2560 334
876 2521 956 2560 363
1072 2517 1093 2559 Ι
1154 2517 1203 2561 U.
1249 2522 1345 2561 335.
1399 2521 1445 2562 A.
1490 2523 1586 2563 339.
1630 2525 1725 2563 341.

1212 2588 1257 2629 C.
1288 2592 1382 2630 347.
1417 2593 1513 2631 355.
1547 2590 1593 2632 P.
1628 2594 1724 2632 357.

242 2660 266 2699 3
357 2660 439 2701 629
702 2664 784 2704 633
877 2663 958 2703 662
1029 2659 1092 2701 III
1150 2660 1199 2702 A.
1234 2660 1285 2704 H.

240 2732 265 2770 4
356 2732 437 2771 675
701 2736 778 2775 681
872 2736 953 2775 699
1023 2731 1086 2773 ΙΙΙ
1146 2732 1193 2774 L.
1223 2736 1319 2775 683.
1353 2734 1401 2775 A.
1426 2737 1522 2776 689.
1556 2734 1607 2776 Η.
1628 2738 1724 2777 694.

242 2804 265 2842 5
357 2804 438 2843 773
702 2807 782 2847 782
874 2807 954 2846 792
1072 2803 1093 2845 I
1150 2804 1195 2846 P.
1230 2809 1326 2849 780.
1360 2805 1405 2849 C.
1443 2809 1538 2849 790.
