1910 3154
929 148 983 187 62

185 261 454 315 προαιρέσεων
495 263 521 315 ἢ
563 259 747 315 πράξεων
780 292 789 300 .
824 292 832 300 .
868 290 876 299 .
910 292 918 299 .
953 259 1258 314 ἐναντιουμένων
1299 257 1540 316 ἑμφάνισις).
1602 260 1717 304 1)Πο-

187 333 265 376 bus
297 332 525 375 sententiis
556 332 745 385 priorem
777 330 1047 385 probationis
1078 335 1249 384 partem
1279 330 1385 374 finit.

303 405 478 447 Transit
522 404 577 447 ad
625 407 724 446 ante
771 403 1095 457 occupationem
1128 404 1231 456 (958
1259 401 1308 443 τὰ
1338 402 1499 449 ἐπίδοξα
1530 403 1717 457 λέγεσθαι

186 480 265 520 Αη.
284 482 352 528 37,
380 476 464 533 16).
526 477 584 518 Et
615 489 709 519 cum
726 476 961 529 Hippolyto
981 476 1141 518 nullam
1173 476 1348 518 testium
1372 477 1538 529 copiam
1560 476 1715 519 adesse

185 548 462 591 manifestum
495 548 552 589 sit
594 548 772 601 (1022),
818 551 863 588 et
894 547 1086 589 Theseus
1125 551 1252 599 putat
1296 547 1388 589 fore
1429 551 1477 590 ut
1518 547 1630 590 filius
1661 548 1716 590 ad

186 619 480 664 iusiurandum
514 618 736 674 confugiat
768 620 895 672 (960,
931 619 1077 672 1025),
1110 630 1185 661 rex
1214 618 1453 661 iusiurandi
1482 618 1605 670 fidei,
1649 623 1714 661 te-

187 692 377 736 stimonii
406 691 448 733 vi
495 694 769 743 comparata,
803 689 1020 731 obtrectat
1053 690 1127 743 (cf.
1161 692 1238 732 An.
1273 704 1307 732 c.
1344 691 1428 744 18).
1490 691 1600 733 Dein
1630 691 1715 733 alia

186 767 440 818 argumenta
471 766 572 805 ante
616 774 827 814 occupare
867 761 1038 814 studet,
1086 773 1164 804 sua
1200 761 1418 816 augendo,
1463 762 1604 804 aliena
1635 761 1714 804 mi-

185 836 367 879 nuendo.
429 834 702 877 Sententiose
741 832 869 875 dictis
900 833 1078 875 crimina
1107 833 1151 874 in
1181 837 1329 875 natum
1359 845 1522 884 serens,
1554 833 1609 875 ad
1639 845 1712 886 ge-

186 918 266 947 nus
298 916 464 957 quoque
496 903 681 956 primum
710 904 778 943 τοῦ
819 902 968 948 εἰκότος
999 902 1235 955 respiciens
1268 900 1334 952 (τὰ
1365 900 1471 957 πάθη
1506 903 1638 944 Anax.
1672 906 1711 956 8,

186 977 230 1029 6)
262 974 562 1029 probationem
591 973 696 1016 finit.

303 1047 459 1101 Σημεῖα
490 1046 676 1088 fortasse
720 1046 837 1088 dicas
885 1059 936 1088 ea
978 1059 1086 1099 quae
1128 1050 1330 1099 tanquam
1377 1045 1430 1089 ab
1464 1046 1712 1089 adversario

185 1120 408 1174 proposita
439 1122 540 1161 ante
572 1122 754 1171 occupat
786 1122 831 1161 et
861 1118 987 1161 diluit
1018 1118 1076 1173 (1,
1101 1121 1285 1170 962-3,
1320 1121 1357 1173 2,
1381 1121 1548 1160 966—7
1582 1133 1712 1173 πεφυ-

184 1191 296 1232 κέναι
326 1190 565 1245 ἐμπέφυκεν.
629 1190 762 1231 Anax.
800 1193 850 1231 13
896 1190 1058 1244 σημεῖον
1091 1188 1192 1230 ἐστὶν
1226 1222 1233 1230 .
1267 1222 1275 1230 .
1313 1222 1319 1229 .
1353 1190 1397 1230 τό
1426 1187 1457 1243 γ’
1494 1189 1710 1244 εἰθισμένον

185 1263 363 1317 γίνεσθαι
404 1261 488 1316 ἅμα
528 1266 584 1316 τῷ
627 1259 860 1315 πράγματι).
925 1260 1111 1310 Quorum
1153 1261 1285 1313 priori
1328 1261 1598 1314 enthymema
1640 1274 1711 1303 ex-

185 1332 478 1391 gugnantibus
510 1332 688 1385 opponit
719 1329 979 1385 (ἐναντιοῦται
1012 1364 1020 1372 .
1056 1365 1064 1374 .
1101 1365 1108 1373 .
1141 1335 1196 1387 τῷ
1228 1332 1469 1387 συμφέροντι
1499 1333 1575 1374 An.
1614 1333 1710 1387 ll):

185 1407 312 1451 a]teri
355 1404 533 1448 tertium
575 1403 753 1458 σημεῖον.
825 1403 919 1446 Nisi
962 1404 1096 1446 mavis
1137 1404 1278 1446 omnia
1325 1408 1529 1457 tanquam
1580 1405 1712 1445 εἰκότα

185 1479 381 1532 accipere
410 1478 474 1519 ita
504 1480 552 1518 ut
583 1476 686 1522 εἰκός
718 1475 838 1516 εἰκότι
868 1476 1072 1518 solvatur.

302 1549 384 1599 Qui
414 1548 630 1602 posterior
661 1547 779 1600 dicit,
811 1547 996 1600 primum
1040 1546 1317 1600 probationes
1348 1549 1504 1591 allatas
1534 1549 1710 1591 refutat.

186 1620 397 1673 Quicquid
438 1623 581 1662 autem
627 1617 829 1661 refellere
869 1631 953 1660 non
992 1622 1141 1671 potes,
1188 1619 1232 1661 id
1270 1619 1442 1662 silentio
1472 1620 1711 1673 praeterire

184 1697 404 1747 praestat,
454 1696 498 1734 et
538 1694 793 1744 argumenta
835 1690 989 1733 afferre
1035 1690 1089 1733 ab
1130 1691 1379 1734 adversario
1420 1692 1618 1745 neglecta
1650 1692 1712 1746 (ἐκ

184 1768 252 1806 τοῦ
297 1763 643 1819 παραλειπομένου
688 1775 725 1804 c.
769 1766 846 1814 37,
879 1763 901 1816 ξ
936 1763 1020 1816 27).
1094 1763 1219 1805 Prius
1265 1764 1396 1816 igitur
1440 1764 1711 1816 testimonia3

185 1836 340 1880 deinde
371 1834 623 1878 verisimilia
663 1846 772 1888 quae
817 1837 892 1876 aut
934 1833 1190 1887 depellenda
1230 1838 1306 1877 aut
1344 1834 1428 1877 alio
1459 1839 1560 1878 sunt
1591 1848 1712 1878 aver-

182 1909 329 1952 tenda.
390 1907 642 1960 Exemplum
663 1907 854 1959 ineptum
879 1918 974 1949 esse
1007 1906 1112 1949 doce
1145 1910 1219 1949 aut
1242 1907 1379 1950 altero
1412 1907 1544 1950 allato
1575 1908 1711 1956 dilue:

183 1982 313 2025 Potes
344 1979 488 2023 causis
527 1978 752 2032 explicatis
782 1978 992 2033 τεκμήριον
1037 1979 1229 2021 vincere:
1272 1979 1509 2022 adversarii
1541 1983 1712 2023 senten-

182 2054 269 2096 tias
301 2051 481 2095 ostende
514 2063 610 2094 esse
643 2054 719 2093 aut
760 2054 910 2093 contra
943 2051 1184 2103 opinionem
1218 2054 1294 2093 aut
1326 2050 1494 2094 dubias.
1555 2052 1712 2107 Σημεῖα

182 2125 416 2167 multarum
439 2122 566 2165 simul
587 2134 730 2164 rerum
761 2122 888 2177 signa
910 2134 1004 2164 esse
1027 2121 1230 2165 confirma
1262 2122 1333 2176 (cf.
1349 2123 1476 2176 Hipp.
1495 2127 1602 2166 1032
1615 2124 1711 2179 sq.).

184 2196 292 2238 Tum
324 2199 425 2237 ante
456 2194 782 2247 occupationem
813 2193 941 2235 dilue.

298 2266 348 2308 In
380 2265 576 2308 oratione
607 2264 832 2318 Hippolyti
865 2264 1080 2318 egressio,
1112 2277 1221 2317 quae
1253 2265 1380 2307 simul
1410 2263 1624 2312 ἐλάττωσις
1656 2268 1713 2309 sit

182 2339 279 2393 (An.
316 2342 392 2389 30,
426 2338 470 2391 7)
512 2335 756 2390 probationi
803 2336 1098 2389 praemittitur
1138 2337 1419 2392 (986-991).
1490 2339 1612 2392 Apud
1645 2351 1713 2382 se-

181 2421 320 2452 nores
351 2408 395 2451 id
426 2408 560 2450 moris
582 2411 679 2449 erat
708 2408 880 2460 prolato
912 2421 1054 2450 rerum
1078 2408 1227 2451 ordine
1258 2409 1455 2462 protinus
1486 2423 1713 2453 excurrere

181 2482 344 2538 (Quint.
380 2485 418 2533 5,
452 2484 491 2533 3,
529 2480 584 2533 1).
646 2480 933 2523 Anaximenes
964 2479 1096 2523 habet
1126 2480 1232 2523 nihil
1264 2480 1317 2524 de
1349 2493 1538 2525 excessu.
1602 2482 1712 2525 Cau-

181 2566 273 2597 sam
305 2554 374 2595 hic
407 2552 642 2594 excedendi
674 2553 711 2594 si
743 2553 942 2606 quaeris,
976 2553 1163 2596 fortasse
1194 2553 1238 2595 in
1271 2567 1321 2596 eo
1353 2554 1569 2609 invenies,
1602 2556 1714 2608 quod

179 2626 313 2669 moris
345 2627 439 2667 erat
480 2624 746 2678 suspiciones
790 2625 1060 2678 eloquentiae
1101 2625 1334 2669 discendae
1376 2638 1402 2668 a
1434 2638 1480 2669 se
1515 2638 1713 2670 amovere

180 2700 332 2750 (Anax.
365 2710 400 2740 c.
436 2700 503 2751 37,
539 2698 625 2750 33).

297 2768 403 2811 Inde
451 2768 506 2810 ad
549 2767 883 2811 refutationem:
931 2781 1024 2811 cum
1067 2769 1174 2812 nihil
1220 2769 1264 2811 in
1302 2773 1503 2824 promptu
1542 2769 1715 2825 habeat,

180 2854 260 2898 per
292 2840 405 2896 quod
437 2839 699 2883 testimonio'
721 2839 983 2898 refragetur,
1016 2840 1071 2884 ad
1103 2841 1340 2884 orationem
1370 2842 1511 2896 patris
1541 2854 1714 2886 conver-

1859 271 1883 286 0
