1910 3154
938 86 991 124 67

200 198 254 243 ab
287 199 469 243 exordior
495 201 570 240 aut
600 211 626 240 a
656 197 903 240 narratione
934 200 1164 251 repetatur
1185 196 1394 239 orationis
1426 195 1735 238 enumeratio“.

150 329 152 331 r
199 272 329 314 Amat
358 274 489 324 poeta
522 282 604 312 non
636 270 774 312 solum
796 270 1037 312 sententias
1070 269 1146 312 sed
1180 268 1314 311 verba
1346 269 1442 322 ipsa
1473 268 1527 310 ab
1561 268 1736 310 exordio

198 343 243 385 in
274 343 493 398 epilogum
523 341 776 385 transferre.
838 342 886 384 In
919 342 1089 395 epilogo
1123 341 1212 384 Alc.
1232 344 1316 383 792
1353 353 1443 394 sqq.
1478 339 1610 382 verba
1643 355 1735 380 σκυ-

199 415 373 470 θρωποῦ,
408 414 576 469 σεμνοῖς,
610 413 978 470 συνωφρυωμένοις,
1011 410 1133 469 θνητὰ
1155 425 1178 455 e
1213 413 1433 467 prooemio
1456 415 1735 466 repetuntur:

198 487 428 541 participia
460 487 642 540 perfecti
684 487 885 541 utrinque
927 485 1187 529 adhibentur
1226 489 1431 540 tanquam
1463 485 1735 529 substantiva

200 561 435 606 ξυνεστῶτος
476 563 628 615 φρενῶν
677 558 798 615 (797)
832 578 885 594 =
919 556 1177 614 πεφροντικὸς
1210 559 1357 613 (773);
1400 562 1445 601 et
1487 559 1650 612 repetit
1689 561 1734 600 et

197 632 349 675 variat.
412 632 589 674 Electra
610 635 691 674 332
715 632 746 672 ὦ
771 631 843 677 ξέν’
881 630 1045 672 ἱκετεύω
1079 631 1128 683 0',
1163 629 1405 685 ἀπάγγειλον
1441 651 1494 666 =
1530 635 1612 674 303
1647 631 1729 671 ἰκε-

198 702 314 757 τεύω,
349 703 444 757 ξένε,
478 702 653 759 ἄγγελλ’.
716 703 868 747 Helen.
894 707 976 747 939
1000 703 1162 759 παρθεν’
1197 735 1381 743 .....
1417 703 1453 744 α’
1487 701 1650 744 ἱκετεύω
1675 722 1729 738 =

200 775 362 831 πάρθεν’
396 776 512 822 ἱκέτις
546 809 553 816 .
588 808 595 816 .
631 808 638 816 .
676 808 682 815 .
717 776 838 816 πίτνω
880 774 1004 829 (894)
1046 778 1166 829 μιμοῦ
1197 776 1364 831 τρόπους
1396 774 1542 830 πατρὸς
1575 775 1729 815 δικαίου

201 866 256 883 =
292 851 460 891 901-2
495 846 548 903 μὴ
595 847 752 904 πρόὸῳς
791 846 860 903 τὴν
905 846 1108 903 εὐσέβειαν
1148 846 1218 903 τὴν
1261 846 1332 903 σὴν
1373 846 1539 904 χάριτας
1571 846 1733 894 ἀδίκους

201 921 419 975 ὠνουμένη.
483 921 744 963 Phoenissae
769 924 877 962 1013
912 940 965 955 =
1000 923 1097 974 997,
1130 924 1168 963 8.
1231 920 1435 963 Heraclid
1458 925 1611 966 528:
1631 926 1730 977 501,

200 993 282 1036 Est
311 992 382 1036 ubi
412 992 532 1036 verbi
576 1005 723 1035 sonum
769 1004 851 1035 non
898 1003 1069 1034 sensum
1101 995 1273 1046 repetat
1303 992 1523 1037 Heraclid.
1556 997 1639 1037 472
1675 1014 1729 1030 =

201 1068 298 1106 464.
361 1064 533 1107 Scilicet
564 1077 672 1117 quae
703 1065 747 1105 in
778 1064 997 1116 prooemio
1027 1064 1338 1116 praeloquitur,
1370 1070 1419 1107 ut
1450 1070 1596 1108 cetera
1628 1072 1728 1119 apte

199 1135 389 1187 inducat,
422 1135 570 1177 eadem
602 1135 732 1188 periti
768 1147 887 1176 more
920 1134 1182 1186 citharoedi,
1228 1134 1539 1189 significatione
1583 1138 1728 1192 aliqua

200 1207 279 1251 sub
309 1206 437 1250 finem
467 1208 522 1250 ad
555 1220 681 1250 aures
712 1211 886 1249 revocat
918 1207 1033 1262 (ὅπερ
1065 1204 1108 1248 ὲν·
1137 1207 1303 1262 αὐλήσει
1333 1207 1375 1249 τὸ
1409 1209 1620 1264 προαύλιον
1654 1213 1725 1254 Ar.

199 1279 280 1322 Rh.
314 1281 352 1333 3,
389 1283 455 1333 14,
491 1283 526 1321 1.
589 1278 731 1329 Quint.
764 1282 804 1330 4,
842 1282 877 1330 1,
912 1276 969 1333 2).

317 1351 462 1394 Genus
508 1351 691 1404 primum
734 1362 815 1403 quo
851 1351 1096 1393 summatim
1128 1356 1429 1404 enumeratur,
1475 1354 1727 1407 saepissime

200 1423 315 1478 apud
331 1423 582 1477 Euripidem
610 1422 825 1466 invenitur
845 1421 1234 1478 (ἀπολογίζομενον),
1269 1423 1563 1468 brevissimum
1583 1430 1729 1470 tamen

201 1499 258 1548 et,
291 1496 401 1539 sicut
435 1490 737 1549 deprooemio
782 1493 1027 1548 significavi,
1060 1507 1154 1537 cum
1186 1494 1411 1539 affectibus
1442 1499 1727 1542 commixtum.

199 1568 315 1612 Nihil
348 1568 538 1620 brevius,
574 1593 623 1598 -
659 1568 858 1621 idemque
900 1572 1045 1610 tamen
1090 1566 1241 1623 figuris
1272 1570 1482 1613 variatum
1516 1595 1567 1601 —
1603 1584 1728 1625 quam

201 1641 342 1684 Orest.
380 1643 488 1683 1202
527 1640 638 1695 τήνδ’
670 1640 763 1695 ἡμῖν
804 1638 889 1695 ἔχω
936 1639 1134 1694 σωτηρίας
1176 1639 1345 1686 ἔπαλξιν.
1404 1640 1557 1697 εἴρηταί
1597 1644 1725 1697 λόγος.

201 1714 371 1767 Optime
403 1714 445 1754 in
487 1713 682 1755 oratione
726 1711 980 1754 brevissima
1020 1715 1063 1754 et
1095 1711 1298 1755 brevitati
1331 1718 1374 1756 et
1404 1715 1606 1757 varietati
1638 1720 1728 1758 stu-

198 1785 298 1828 det:
331 1785 384 1827 H.
418 1785 462 1826 F.
497 1788 579 1827 347
613 1783 771 1839 ἀμάθης
802 1799 857 1830 τις
890 1782 929 1823 εἶ
958 1784 1068 1836 θεός,
1100 1786 1125 1838 ἢ
1161 1785 1310 1831 δίκαιος
1342 1785 1412 1826 οὐκ
1446 1785 1554 1841 ἔφυς.
1619 1788 1726 1830 Sim-

197 1856 364 1910 plicius,
397 1856 449 1898 H.
472 1856 518 1898 F.
543 1860 641 1908 854,
673 1855 745 1898 ubi
777 1859 921 1897 tamen
953 1856 1017 1897 vis
1048 1855 1184 1897 multa
1217 1860 1309 1898 est:
1343 1858 1437 1898 ὥστ’
1470 1858 1515 1898 οὐ
1549 1867 1726 1914 παραινῶ

198 1929 353 1985 μεγάλα
376 1927 588 1985 βούλεσθαι
619 1927 735 1970 κακά.
798 1927 915 1970 Nihil
955 1928 1241 1981 compressius
1284 1942 1408 1983 quam
1452 1930 1580 1985 Hipp.
1628 1935 1725 1986 693,

198 2002 460 2046 sententiose
503 2002 724 2043 desinens:
766 1999 840 2043 ubi
882 2001 1148 2042 enumeratio
1191 2001 1513 2045 dissimulatur:
1561 2005 1727 2057 „Invita

197 2074 258 2117 fui
291 2086 381 2128 ego,
410 2077 458 2116 tu
490 2073 758 2126 properasti:
791 2071 999 2114 beneficia
1023 2084 1074 2114 ex
1106 2076 1180 2114 tua
1212 2085 1343 2126 opera
1366 2075 1556 2127 prudens
1586 2076 1723 2127 timui,

196 2150 245 2189 tu
275 2146 318 2188 in
348 2144 457 2187 bene
487 2144 683 2187 faciendo
717 2144 866 2186 amicis
897 2144 1125 2186 instituisti
1156 2145 1312 2187 mala“.

313 2218 500 2270 Longior
532 2220 599 2258 est
629 2216 896 2258 enumeratio
941 2216 1030 2256 Ale.
1067 2218 1148 2257 792
1181 2228 1257 2269 sq.,
1291 2217 1367 2259 sed
1398 2217 1442 2259 in
1473 2231 1634 2273 genere
1664 2220 1725 2261 le-

195 2289 313 2333 viore
346 2292 390 2330 et
421 2300 516 2331 cum
549 2287 798 2330 hortatione
832 2285 1073 2328 commixta,
1135 2288 1319 2341 Longior
1343 2301 1510 2343 quoque
1542 2291 1608 2332 El.
1642 2294 1725 2333 332

196 2360 270 2405 ubi
301 2361 478 2403 Electra
508 2358 714 2401 mandata
745 2357 833 2411 dat,
867 2358 1044 2402 affectus
1076 2363 1220 2401 tamen
1252 2360 1419 2403 miscet.

313 2434 509 2476 Alterum
539 2444 671 2486 genus
713 2434 781 2474 est
811 2430 983 2486 singula
1023 2430 1321 2474 dinumerandi
1350 2433 1727 2491 (διαλογιζόμενον).

197 2505 377 2550 Concise
419 2505 449 2546 I.
496 2505 542 2545 A.
589 2506 711 2545 1249.
758 2502 796 2543 ἓν
843 2503 1074 2558 συντεμοῦσ’
1128 2528 1182 2533 -—
1225 2504 1323 2546 dein
1380 2507 1551 2559 plenius
1597 2532 1653 2538 —
1684 2508 1726 2549 τὸ

197 2581 284 2636 φῶς
314 2577 472 2633 ἥδιστον
505 2600 558 2606 -
591 2574 639 2616 τὰ
670 2574 783 2631 νέρθε
815 2575 850 2615 δ’
884 2574 999 2616 οὐδὲν
1031 2599 1087 2606 —
1120 2575 1299 2630 μαίνεται
1331 2577 1373 2623 ὃς
1405 2576 1567 2634 εὔχεται
1598 2581 1726 2623 θανεῖν

203 2676 249 2682 -—
281 2652 415 2695 κακῶς
447 2651 518 2703 ζῆν
555 2672 599 2678 -—
635 2649 769 2694 καλῶς
801 2648 942 2690 θανεῖν.
1007 2648 1070 2692 Cf.
1096 2648 1266 2691 Heracl.
1287 2652 1384 2701 528,
1421 2654 1545 2694 1014.
1579 2653 1726 2708 Suppl.

198 2726 295 2766 909.
325 2746 383 2753 ——
413 2721 514 2764 Loci
546 2720 837 2763 miserationis
876 2721 1200 2764 dinumerantur
1231 2721 1336 2764 Hec.
1369 2726 1465 2766 369.

314 2793 486 2836 Genera
518 2792 796 2835 enumerandi
842 2795 887 2835 et
917 2792 1215 2836 dinumerandi
1246 2805 1497 2847 comparare
1528 2800 1653 2849 potes
1685 2797 1727 2839 in
