1910 3154
924 101 977 140 53

302 210 550 255 Cuiusmodi
584 211 794 264 videntur,
826 212 1048 265 El.1036;
1081 223 1176 255 cum
1209 211 1402 265 exemplo
1427 210 1711 262 coniunctum,

185 283 289 325 Hec.
322 286 404 325 282
435 294 512 336 sq.,
545 282 640 324 Hel.
675 286 756 325 755
790 293 867 337 sq.,
900 284 952 326 H.
985 283 1031 326 F.
1068 287 1179 326 1314
1211 295 1273 336 sq.

301 354 428 397 Haud
457 354 706 397 verisimilia
736 358 836 398 sunt
866 355 962 399 Hel.
995 359 1080 399 490
1112 369 1199 410 sq.,
1232 355 1308 399 sed
1340 352 1713 399 verisimilitudine

185 426 326 468 altera
357 426 430 478 (ὡς
462 423 624 479 εἴξασιν)
656 425 895 479 firmantur,
927 430 1010 469 497
1043 439 1106 479 sq.
1140 428 1236 480 (An.
1273 431 1310 477 9,
1349 427 1404 480 1).

301 496 510 551 Exempla
551 496 872 553 (παραδείγματα
912 498 989 540 An.
1022 497 1066 552 9)
1104 498 1228 541 modo
1277 497 1514 551 nominavi,
1560 494 1713 549 quibus

184 567 292 610 haec
334 568 555 610 accedant.
627 568 728 610 Her.
771 572 866 610 303.
928 569 982 610 H.
1025 569 1071 610 F.
1119 572 1242 611 1316.
1301 569 1429 621 Hipp.
1464 571 1571 619 390,
1613 570 1710 610 453.

185 639 280 681 Hel.
313 642 409 681 744.
468 639 518 681 In
549 639 644 682 Hel.
676 643 759 682 497
792 640 936 693 potius
968 643 1035 682 est
1066 640 1252 695 ὁμοιότης
1283 655 1340 686 τις
1371 640 1525 693 (Anax.
1551 642 1619 691 33,
1652 639 1711 692 2).

301 708 506 766 Τεκμήρια
535 711 671 754 multa
698 710 916 753 invenias:
951 723 1002 753 ex
1028 711 1223 753 oratione
1255 711 1464 764 oriuntur,
1498 710 1564 753 El.
1586 711 1711 752 1086.

184 782 216 824 I.
249 782 296 825 T.
333 785 465 825 1012:
498 795 549 825 ex
578 795 649 837 re,
693 783 783 825 Alc.
817 785 913 825 634.
976 782 1079 825 Hec.
1117 785 1241 825 1206.
1305 781 1566 836 Thucydidis
1605 780 1711 823 deli-

185 855 274 897 cias
304 853 409 910 ἔργῳ
443 886 452 895 .
484 885 491 894 .
526 887 535 896 .
569 888 578 896 .
621 856 728 911 λόγῳ
764 855 899 898 habes
930 855 1020 897 Alc.
1057 858 1153 898 349.
1216 855 1312 909 (An.
1351 858 1423 906 10,
1458 858 1482 896 2
1514 855 1539 909 ἡ
1572 853 1712 909 πρᾶξις

184 926 340 968 ἐναντία
369 930 424 983 τῷ
454 927 594 982 λόγῳ).

299 999 632 1053 Enthymemata
662 998 951 1041 Anaximenea
983 1011 1034 1041 ex
1063 997 1358 1053 pugnantibus
1388 997 1552 1051 passim
1583 995 1709 1040 obvia

184 1071 296 1111 sunt.
357 1068 473 1110 Satis
519 1068 605 1110 sint
647 1068 755 1110 haec
795 1072 1001 1126 tanquam
1033 1067 1250 1122 δείγματα;
1308 1068 1405 1120 Cyc.
1442 1070 1523 1109 168
1556 1065 1710 1121 (εἰκός).

184 1138 249 1181 ΕΙ.
286 1142 390 1182 1041
427 1137 630 1194 (δίκαιον).
691 1139 724 1181 Ι.
756 1139 804 1182 Α.
840 1141 1123 1181 1185-1206
1157 1137 1342 1191 (δίκαιον,
1376 1136 1612 1192 quattuor).

301 1211 406 1256 Δόξα
435 1213 504 1251 τοῦ
534 1210 715 1263 λέγοντος
741 1209 993 1252 brevissime
1025 1209 1140 1263 apud
1160 1209 1463 1252 Anaximenem
1494 1211 1712 1252 tractatur

184 1281 273 1335 (15,
294 1284 333 1335 6,
353 1281 418 1335 7):
452 1281 520 1323 cui
549 1284 695 1334 tamen
725 1281 767 1322 in
800 1281 1166 1333 argumentationi
1195 1281 1381 1333 primum
1411 1280 1553 1322 locum
1586 1280 1711 1322 attri-

183 1352 277 1396 buit
308 1354 393 1407 (33,
429 1353 486 1407 2).

300 1424 394 1467 Huc
424 1424 613 1467 fortasse
643 1423 872 1466 referenda
904 1427 1032 1466 sunt:
1079 1424 1211 1465 Andr.
1246 1427 1328 1466 595
1361 1424 1575 1476 (sequitur
1604 1424 1712 1466 illud

183 1495 254 1552 ἔθη
287 1499 363 1538 τῶν
394 1495 677 1552 πραγμάτων);
708 1496 840 1539 Andr.
869 1499 950 1539 943
984 1496 1241 1551 (sequuntur
1271 1495 1443 1551 εἰκότα);
1476 1494 1579 1539 Hec.
1600 1498 1710 1538 1243

184 1569 441 1622 (sequuntur
486 1568 620 1608 εἰκότα
661 1570 705 1609 et
744 1565 861 1621 ἔθη);
910 1567 1005 1609 Hel.
1041 1571 1122 1609 747
1168 1567 1384 1621 (sequitur
1428 1566 1711 1622 exemplum);

184 1639 311 1693 Hipp.
349 1642 430 1682 376
463 1639 676 1694 (sequitur
706 1637 841 1693 εἰκός).

301 1710 398 1752 Alia
415 1722 510 1752 cum
527 1710 733 1763 exemplis
756 1709 904 1761 habes,
938 1709 992 1751 H.
1013 1710 1059 1751 F.
1081 1712 1176 1751 342.
1214 1710 1317 1752 Hec.
1339 1712 1433 1752 302.
1467 1709 1594 1763 Hipp.
1614 1713 1711 1752 627.

299 1781 394 1824 Nisi
422 1793 494 1824 res
524 1794 591 1823 me
622 1780 748 1832 fallit,
781 1782 1194 1833 argumentationem
1216 1782 1336 1824 vides
1358 1785 1406 1824 ut
1422 1781 1536 1835 apud
1554 1782 1710 1824 Anaxi-

184 1865 351 1895 menem
382 1853 659 1895 constitutam
692 1853 779 1906 (33,
813 1853 872 1907 2).

300 1924 364 1967 De
405 1923 618 1977 capitibus
657 1923 856 1967 finalibus
899 1924 969 1966 vix
1008 1936 1186 1967 necesse
1226 1928 1294 1968 est
1324 1929 1372 1967 ut
1402 1925 1527 1978 plura
1559 1924 1711 1966 dicam.

183 1995 389 2048 Exempla
421 1994 622 2038 extabula
659 1995 866 2037 sumenda
907 2000 1019 2038 sunt.
1083 1995 1247 2039 Seriem
1293 1996 1531 2051 longiorem
1577 1995 1712 2039 habes

183 2067 296 2110 Med.
334 2069 438 2109 1021
475 2065 543 2122 (U.
584 2066 629 2109 C.
663 2066 708 2108 C.
743 2067 793 2109 U.
826 2066 878 2108 H.
924 2066 968 2109 C.
998 2067 1084 2121 Η.).
1148 2067 1294 2120 Suppl.
1329 2070 1529 2110 301—20
1562 2068 1629 2121 (A.
1662 2068 1710 2109 L.

183 2138 271 2192 Η.).
333 2138 461 2192 Supp.
505 2141 702 2181 430-55
745 2138 812 2192 (A.
858 2138 905 2180 L.
946 2138 998 2180 U.
1040 2139 1127 2192 Η.).
1190 2138 1337 2192 Suppl.
1381 2142 1610 2182 860—908
1641 2138 1711 2195 (A.

183 2210 237 2254 H.
268 2211 321 2254 U.
355 2211 399 2254 C.
433 2210 513 2266 P.).

297 2283 452 2326 Restat
481 2286 528 2326 ut
549 2294 695 2326 eorum
725 2294 848 2326 usum
878 2283 922 2325 in
953 2283 1329 2339 argumentatione
1354 2282 1580 2325 ostendam
1612 2282 1709 2338 (An.

184 2359 251 2405 37,
284 2354 370 2409 27).
432 2355 480 2396 In
510 2355 667 2397 Phoen.
700 2358 929 2398 469—585
971 2359 1062 2399 tres
1096 2355 1354 2398 coniunctim
1385 2354 1602 2397 orationes
1634 2356 1711 2398 ha-

183 2423 270 2468 bes.
331 2425 475 2467 Prima
505 2429 630 2479 urget
653 2425 859 2479 Aequum,
892 2426 1031 2468 altera
1055 2426 1297 2468 Honestum
1320 2425 1578 2480 (φιλότιμον),
1612 2425 1710 2467 dein

180 2498 313 2541 tertia
343 2498 433 2540 vult
467 2501 692 2551 utramque
723 2497 954 2549 infirmare,
987 2498 1172 2551 primam
1203 2511 1255 2540 ex
1286 2497 1479 2540 Honesto
1513 2500 1557 2539 et
1588 2497 1711 2547 Utili,

180 2569 360 2612 alteram
391 2581 443 2611 ex
459 2569 604 2622 Aequo
636 2572 679 2612 et
694 2569 815 2612 Utili.
877 2570 927 2612 In
957 2570 1048 2623 Iph.
1084 2570 1179 2611 Aul.
1211 2567 1347 2611 habes
1379 2572 1584 2621 quattuor
1615 2582 1711 2611 ora-

178 2639 469 2691 tiones1146;
506 2642 638 2692 12113
674 2643 806 2692 12553
843 2643 967 2682 1368.
1030 2640 1175 2682 Prima
1191 2642 1318 2693 urget
1336 2640 1541 2693 Aequum,
1574 2640 1714 2683 altera

180 2712 469 2766 Conveniens,
502 2711 633 2754 tertia
665 2711 794 2755 Utile.
849 2713 898 2755 In
943 2716 1097 2766 quarta
1142 2712 1199 2755 ad
1230 2711 1372 2754 omnia
1403 2711 1712 2765 respondetur;

181 2795 259 2838 per
291 2782 527 2828 Honestum
560 2783 706 2839 (1376,
733 2785 883 2838 1398);
915 2785 1109 2838 Aequum
1137 2782 1378 2827 infirmatur
1397 2782 1572 2839 (1391);
1597 2782 1712 2826 Utile
