1910 3154
979 140 1031 179 36

252 252 462 304 carmina,
504 265 612 306 quae
643 253 750 296 artis
781 253 1020 296 rhetoricae
1052 256 1284 307 praecepta
1322 257 1581 308 sequuntur,
1628 253 1665 296 is
1695 253 1764 296 vix

251 327 398 371 credet
426 326 677 381 Euripidem
705 327 897 382 potuisse
934 330 1001 371 tot
1030 329 1204 382 tamque
1235 326 1405 371 diversa
1434 327 1477 371 in
1507 339 1635 372 unum
1666 338 1763 371 con-

250 399 451 455 gessisse.

364 471 654 526 Interpolatae
671 484 806 526 aeque
836 471 1035 515 videntur
1066 471 1282 514 orationes
1315 470 1483 515 Orestis
1514 471 1557 514 in
1587 471 1763 515 Electra

253 547 333 585 367
367 557 472 597 sqq.,
504 548 548 586 et
577 544 773 588 Iocastae
803 544 847 585 in
877 544 1124 585 Phoenissis
1157 544 1260 597 (528
1291 544 1400 598 sqq.)
1418 542 1450 599 ¹)
1485 548 1529 586 et
1559 543 1763 587 Hecubae

247 615 292 658 in
322 616 572 672 cognomine
602 615 748 659 fabula
779 616 880 671 (787
914 616 1038 670 sqq.).
1108 615 1157 657 In
1188 614 1366 658 Hecuba
1406 615 1664 659 omittendus
1697 618 1763 658 est

247 688 365 731 locus
395 691 512 731 totus
544 691 784 731 820—835.
859 688 998 730 Aliter
1029 689 1140 730 enim
1170 688 1239 730 vix
1278 692 1422 742 potest
1463 701 1557 732 esse
1597 689 1762 731 reditus

249 760 305 804 ad
335 773 425 804 rem
456 765 556 815 post
587 760 874 817 egressionem
892 763 1133 803 814-819,
1182 760 1336 803 Mulier
1365 760 1472 803 haec
1493 760 1583 804 vult
1606 761 1761 804 dicere.

248 832 366 875 Nihil
394 832 534 876 habeo
565 845 646 886 quo
676 832 757 875 tibi
786 832 1092 886 persuadeam:
1126 836 1242 875 artes
1272 833 1481 875 suadendi
1502 845 1586 875 non
1607 833 1759 876 didici:

248 905 412 948 utinam
444 905 537 959 quis
569 905 674 948 deus
717 908 783 947 tot
813 917 889 948 ora
919 904 1023 947 mihi
1054 904 1179 947 daret
1209 908 1256 947 ut
1275 917 1425 948 vocum
1448 905 1555 948 satis
1591 905 1644 947 ad
1665 917 1762 959 per-

248 978 514 1021 suadendum
555 977 827 1020 effunderem.
899 977 1078 1020 Omissis
1118 978 1264 1031 itaque
1307 977 1359 1020 iis
1397 976 1593 1020 versibus
1624 978 1764 1021 omnia

246 1049 353 1094 fiunt
383 1051 524 1104 plana.
585 1050 703 1093 Haec
734 1062 862 1103 porro
891 1049 1221 1092 notanda-sunt.
1268 1048 1497 1105 κοιμίζομαι
1529 1050 1640 1103 apud
1677 1050 1761 1093 Eu-

248 1122 432 1175 ripidem
461 1122 530 1164 vix
561 1122 613 1164 de
645 1134 791 1164 somno
821 1122 904 1163 nisi
934 1134 1012 1174 per
1043 1122 1371 1164 translationem
1403 1122 1571 1165 dicitur.
1632 1123 1699 1165 Ita
1719 1122 1762 1164 in

248 1206 376 1237 versu
408 1197 489 1237 827
524 1193 766 1237 Cassandra
796 1196 1070 1247 memoratur,
1120 1194 1242 1246 quasi
1286 1197 1403 1236 esset
1443 1194 1599 1248 ignota.
1660 1194 1762 1237 Per-

247 1279 374 1309 versa
415 1269 482 1308 est
520 1267 594 1308 illa
637 1265 863 1308 verborum
905 1266 1142 1308 coniunctio
1182 1268 1257 1306 ποῦ
1289 1298 1296 1306 .
1332 1297 1339 1306 .
1373 1266 1565 1321 εὐφρόνας
1605 1265 1761 1312 δείξειςε

247 1339 418 1382 diversa
449 1342 549 1381 sunt
580 1342 624 1381 et
655 1337 795 1381 Orest.
830 1340 910 1380 802
945 1341 988 1380 et
1015 1338 1047 1379 I.
1065 1338 1113 1379 A.
1147 1341 1251 1381 406;
1298 1339 1508 1381 claudicat
1550 1351 1690 1382 sermo
1720 1339 1763 1381 in

246 1424 311 1455 vv.
343 1414 555 1454 834—35.
631 1410 749 1461 Quae
780 1414 924 1453 tamen
958 1411 1097 1453 omnia
1123 1411 1160 1453 si
1191 1411 1504 1466 expedirentur,
1536 1412 1604 1454 vix
1622 1411 1764 1454 idonei

246 1497 395 1528 versus
408 1485 656 1527 viderentur
677 1484 748 1537 qui
761 1484 804 1526 in
825 1485 1016 1526 oratione
1030 1486 1120 1526 tam
1137 1483 1372 1527 miserabili
1383 1485 1520 1527 locum
1539 1483 1760 1528 haberent.

360 1558 409 1599 In
440 1556 673 1599 ordinando
705 1556 888 1612 Epilogo
920 1568 1065 1599 omnes
1098 1557 1204 1599 artis
1236 1557 1381 1610 copias
1413 1561 1542 1610 poeta
1567 1557 1761 1611 deprom-

247 1630 316 1673 sit.
391 1630 514 1672 Unde
544 1630 648 1672 mihi
678 1630 720 1671 in
751 1630 891 1671 animo
924 1633 990 1671 est
1020 1629 1128 1671 hanc
1160 1633 1327 1682 partem
1358 1629 1524 1683 plenius
1557 1633 1759 1673 tractare.

248 1701 333 1745 Sed
362 1702 442 1745 hoc
472 1702 699 1755 posterius.
770 1701 860 1743 Iam
892 1700 1120 1743 videndum
1150 1713 1248 1753 num
1281 1700 1381 1754 quid
1423 1701 1474 1743 de
1516 1701 1596 1744 hac
1636 1705 1761 1756 parte

245 1778 375 1828 poeta
404 1775 675 1828 praeceperit
706 1777 750 1816 et
780 1787 831 1816 ex
862 1778 955 1816 arte
987 1774 1030 1815 in
1062 1774 1250 1816 carmina
1282 1775 1564 1832 transtulerit.

361 1847 419 1889 Et
447 1846 618 1890 theatro
651 1849 694 1888 et
725 1845 919 1887 Menelao
950 1844 1056 1887 trita
1086 1847 1212 1887 utens
1242 1843 1466 1888 verborum
1501 1845 1684 1889 formula
1714 1859 1760 1891 se

246 1919 424 1963 Hecuba
456 1923 644 1963 excusat.
695 1918 848 1961 Troad.
884 1921 1007 1961 1029.
1056 1916 1230 1985 Μένελα’
1261 1916 1308 1959 ἵν’
1343 1918 1450 1974 εἰδῇς
1483 1917 1523 1960 οἷ
1537 1920 1760 1976 τελευτήσω

243 1994 386 2048 λόγων.
461 1992 589 2035 Nulla
629 2005 708 2034 vox
751 1991 863 2045 apud
893 1991 1146 2033 Rhetoricos
1186 1991 1389 2034 usitatior
1422 1995 1489 2035 est
1530 2006 1657 2047 quam
1686 1994 1762 2038 illa

245 2066 298 2110 de
337 2065 550 2109 brevitate
589 2065 633 2107 in
673 2064 913 2118 perorando
944 2089 999 2095 —
1031 2064 1182 2119 (Anax.
1218 2066 1266 2105 21
1311 2062 1499 2119 σύντομος
1530 2063 1758 2121 ἀνάμνησις,

247 2138 315 2192 22,
338 2141 364 2180 4
392 2135 648 2190 παλιλλογίαν
681 2134 868 2190 σύντομον
902 2138 1055 2189 36,14,
1086 2135 1446 2190 παλιλλογὴσαντες
1469 2136 1682 2192 συντόμως,
1724 2150 1759 2180 c.

247 2213 314 2262 37,
341 2213 368 2252 4
399 2208 587 2263 σύντομος
619 2206 858 2263 ἀνάμνησις,
891 2220 925 2250 c.
959 2210 1026 2259 38,
1046 2210 1069 2249 6
1101 2206 1357 2261 παλιλλογίαν
1390 2240 1399 2248 .
1433 2240 1442 2248 .
1477 2207 1664 2264 σύντομον
1696 2208 1760 2251 καὶ

290 2315 298 2323 .
334 2314 342 2323 .
375 2280 604 2337 ἀνάμνησιν.
680 2280 821 2331 Quint.
856 2283 894 2334 6,
930 2283 966 2333 1,
1002 2283 1037 2331 1,
1079 2291 1204 2332 quam
1245 2278 1495 2322 brevissime
1530 2280 1687 2324 Cornif.
1721 2285 1760 2337 2,

246 2358 314 2409 30,
347 2358 399 2397 47
434 2353 635 2397 breviter.
670 2353 754 2396 Cic.
787 2352 874 2395 Inv.
910 2356 946 2404 1,
971 2354 1037 2404 52,
1065 2352 1147 2394 100
1178 2364 1305 2405 quam
1335 2351 1618 2409 brevissime).
1674 2354 1760 2397 Ita-

246 2440 326 2483 que
356 2430 485 2483 poeta
526 2426 679 2469 ἅπαντα
711 2425 908 2481 συντεμών
942 2424 1063 2481 (Hec.
1101 2424 1229 2480 1180)
1267 2424 1306 2466 ἓν
1339 2428 1584 2481 συντεμοῦσα
1625 2426 1677 2481 (I.
1710 2428 1758 2470 A.

248 2500 389 2557 1249).
463 2501 581 2543 Idem
611 2499 744 2543 habet
773 2499 816 2541 in
847 2498 980 2541 Aeolo
1022 2497 1143 2552 (frgt.
1178 2497 1275 2552 28):
1318 2498 1395 2541 sed
1438 2498 1491 2541 de
1529 2500 1759 2552 prooemio,

242 2578 293 2618 ut
321 2574 492 2617 videtur
531 2574 621 2629 (Ar.
654 2572 823 2615 Thesm.
859 2569 973 2626 177).
1049 2570 1286 2625 Doctorem,
1316 2570 1578 2614 rhetoricum
1609 2572 1758 2616 audire

244 2646 406 2689 credis:

473 2718 635 2771 παῖδες,
667 2718 794 2773 σσφοῦ
825 2712 921 2771 πρὸς
953 2711 1093 2770 ἀνδρὸς
1125 2713 1229 2760 ὅστις
1260 2713 1299 2755 ἐν
1334 2713 1475 2771 βραχεῖ

473 2790 642 2837 πολλοὺς
672 2790 813 2844 λόγους
845 2786 924 2835 οἷός
955 2803 996 2829 τε
1028 2786 1247 2843 συντέμνειν
1279 2788 1424 2835 καλῶς.

342 2893 377 2940 1)
404 2892 479 2930 Om.
505 2894 681 2931 541—46.
