<?xml version="1.0" encoding="UTF-8"?>
<!DOCTYPE html PUBLIC "-//W3C//DTD XHTML 1.0 Transitional//EN"
    "http://www.w3.org/TR/xhtml1/DTD/xhtml1-transitional.dtd">
<html xmlns="http://www.w3.org/1999/xhtml" xml:lang="en" lang="en">
 <head>
  <title>
</title>
<meta http-equiv="Content-Type" content="text/html;charset=utf-8" />
  <meta name='ocr-system' content='tesseract 3.04.00' />
  <meta name='ocr-capabilities' content='ocr_page ocr_carea ocr_par ocr_line ocrx_word'/>
</head>
<body>
  <div class='ocr_page' id='page_1' title='image "4627073_0022.png"; bbox 0 0 1910 3154; ppageno 0'>
   <div class='ocr_carea' id='block_1_1' title="bbox 906 72 931 112">
    <p class='ocr_par' dir='ltr' id='par_1_1' title="bbox 906 72 931 112">
     <span class='ocr_line' id='line_1_1' title="bbox 906 72 931 112; baseline 0 0"><span class='ocrx_word' id='word_1_1' title='bbox 906 72 931 112; x_wconf 88' lang='grc'><strong>9</strong></span> 
     </span>
    </p>
   </div>
   <div class='ocr_carea' id='block_1_2' title="bbox 163 183 1682 826">
    <p class='ocr_par' dir='ltr' id='par_1_2' title="bbox 163 183 1682 826">
     <span class='ocr_line' id='line_1_2' title="bbox 164 183 1682 242; baseline -0.001 -14"><span class='ocrx_word' id='word_1_2' title='bbox 164 184 219 240; x_wconf 91' lang='grc' dir='ltr'>(Α</span> <span class='ocrx_word' id='word_1_3' title='bbox 249 185 290 242; x_wconf 89' lang='grc' dir='ltr'>β)</span> <span class='ocrx_word' id='word_1_4' title='bbox 320 185 523 230; x_wconf 88' lang='lat' dir='ltr'>undecies</span> <span class='ocrx_word' id='word_1_5' title='bbox 553 186 738 229; x_wconf 80' lang='lat' dir='ltr'>iteratur</span> <span class='ocrx_word' id='word_1_6' title='bbox 766 183 967 228; x_wconf 88' lang='lat' dir='ltr'>verbum:</span> <span class='ocrx_word' id='word_1_7' title='bbox 999 186 1041 228; x_wconf 89' lang='lat' dir='ltr'>in</span> <span class='ocrx_word' id='word_1_8' title='bbox 1074 185 1239 239; x_wconf 82' lang='lat' dir='ltr'>epilogo</span> <span class='ocrx_word' id='word_1_9' title='bbox 1270 185 1434 239; x_wconf 83' lang='lat' dir='ltr'>primae</span> <span class='ocrx_word' id='word_1_10' title='bbox 1457 187 1682 227; x_wconf 90' lang='lat' dir='ltr'>accusator</span> 
     </span>
     <span class='ocr_line' id='line_1_3' title="bbox 165 257 1679 315; baseline -0.003 -12"><span class='ocrx_word' id='word_1_11' title='bbox 165 259 255 303; x_wconf 88' lang='lat' dir='ltr'>fere</span> <span class='ocrx_word' id='word_1_12' title='bbox 287 259 428 302; x_wconf 91' lang='lat' dir='ltr'>omnia</span> <span class='ocrx_word' id='word_1_13' title='bbox 459 260 556 303; x_wconf 91' lang='lat' dir='ltr'>huic</span> <span class='ocrx_word' id='word_1_14' title='bbox 591 260 682 303; x_wconf 91' lang='lat' dir='ltr'>loco</span> <span class='ocrx_word' id='word_1_15' title='bbox 714 257 914 301; x_wconf 79' lang='lat' dir='ltr'>attribuit</span> <span class='ocrx_word' id='word_1_16' title='bbox 956 258 1034 315; x_wconf 89' lang='lat' dir='ltr'>(cc.</span> <span class='ocrx_word' id='word_1_17' title='bbox 1069 262 1106 313; x_wconf 87' lang='lat'>9,</span> <span class='ocrx_word' id='word_1_18' title='bbox 1142 257 1224 314; x_wconf 90' lang='lat'>10).</span> <span class='ocrx_word' id='word_1_19' title='bbox 1286 258 1367 301; x_wconf 90' lang='lat' dir='ltr'>Hic</span> <span class='ocrx_word' id='word_1_20' title='bbox 1398 258 1527 301; x_wconf 87' lang='lat' dir='ltr'>liceat</span> <span class='ocrx_word' id='word_1_21' title='bbox 1559 257 1679 300; x_wconf 92' lang='lat' dir='ltr'>Anti-</span> 
     </span>
     <span class='ocr_line' id='line_1_4' title="bbox 163 332 1681 387; baseline -0.001 -12"><span class='ocrx_word' id='word_1_22' title='bbox 163 333 365 387; x_wconf 90' lang='lat' dir='ltr'>phontem</span> <span class='ocrx_word' id='word_1_23' title='bbox 397 333 450 375; x_wconf 93' lang='lat' dir='ltr'>ad</span> <span class='ocrx_word' id='word_1_24' title='bbox 482 347 672 376; x_wconf 89' lang='lat' dir='ltr'>normam</span> <span class='ocrx_word' id='word_1_25' title='bbox 706 332 977 375; x_wconf 85' lang='lat' dir='ltr'>Anaximenis</span> <span class='ocrx_word' id='word_1_26' title='bbox 1019 332 1212 387; x_wconf 76' lang='lat' dir='ltr'>exigere,</span> <span class='ocrx_word' id='word_1_27' title='bbox 1255 336 1303 375; x_wconf 89' lang='lat' dir='ltr'>ut</span> <span class='ocrx_word' id='word_1_28' title='bbox 1334 332 1552 375; x_wconf 88' lang='lat' dir='ltr'>rhetorum</span> <span class='ocrx_word' id='word_1_29' title='bbox 1586 344 1681 374; x_wconf 92' lang='lat' dir='ltr'>con-</span> 
     </span>
     <span class='ocr_line' id='line_1_5' title="bbox 165 403 1680 460; baseline -0.001 -13"><span class='ocrx_word' id='word_1_30' title='bbox 165 417 315 447; x_wconf 85' lang='lat' dir='ltr'>sensus</span> <span class='ocrx_word' id='word_1_31' title='bbox 345 409 506 459; x_wconf 89' lang='lat' dir='ltr'>pateat.</span> <span class='ocrx_word' id='word_1_32' title='bbox 567 406 817 460; x_wconf 88' lang='lat' dir='ltr'>Euripidem</span> <span class='ocrx_word' id='word_1_33' title='bbox 848 403 1024 446; x_wconf 90' lang='lat' dir='ltr'>verbum</span> <span class='ocrx_word' id='word_1_34' title='bbox 1056 405 1190 456; x_wconf 86' lang='lat' dir='ltr'>magis</span> <span class='ocrx_word' id='word_1_35' title='bbox 1232 417 1282 446; x_wconf 88' lang='lat' dir='ltr'>ex</span> <span class='ocrx_word' id='word_1_36' title='bbox 1312 404 1562 458; x_wconf 88' lang='lat' dir='ltr'>quotidiana</span> <span class='ocrx_word' id='word_1_37' title='bbox 1593 404 1680 446; x_wconf 86' lang='lat' dir='ltr'>vita</span> 
     </span>
     <span class='ocr_line' id='line_1_6' title="bbox 165 476 1679 533; baseline -0.001 -13"><span class='ocrx_word' id='word_1_38' title='bbox 165 477 433 533; x_wconf 83' lang='lat' dir='ltr'>adhibuisse,</span> <span class='ocrx_word' id='word_1_39' title='bbox 474 482 617 521; x_wconf 92' lang='lat' dir='ltr'>tamen</span> <span class='ocrx_word' id='word_1_40' title='bbox 660 491 736 521; x_wconf 90' lang='lat' dir='ltr'>nec</span> <span class='ocrx_word' id='word_1_41' title='bbox 779 490 871 521; x_wconf 91' lang='lat' dir='ltr'>rem</span> <span class='ocrx_word' id='word_1_42' title='bbox 906 489 984 520; x_wconf 93' lang='lat' dir='ltr'>nec</span> <span class='ocrx_word' id='word_1_43' title='bbox 1025 476 1300 520; x_wconf 86' lang='lat' dir='ltr'>artificiosam</span> <span class='ocrx_word' id='word_1_44' title='bbox 1328 476 1679 532; x_wconf 86' lang='lat' dir='ltr'>significationem</span> 
     </span>
     <span class='ocr_line' id='line_1_7' title="bbox 165 549 1677 609; baseline -0.001 -15"><span class='ocrx_word' id='word_1_45' title='bbox 165 552 405 609; x_wconf 83' lang='lat' dir='ltr'>neglexisse</span> <span class='ocrx_word' id='word_1_46' title='bbox 435 550 547 594; x_wconf 87' lang='lat' dir='ltr'>infra</span> <span class='ocrx_word' id='word_1_47' title='bbox 578 551 816 606; x_wconf 86' lang='lat' dir='ltr'>apparebit.</span> <span class='ocrx_word' id='word_1_48' title='bbox 880 550 1095 605; x_wconf 92' lang='lat' dir='ltr'>Antiphon</span> <span class='ocrx_word' id='word_1_49' title='bbox 1126 549 1174 605; x_wconf 84' lang='lat' dir='ltr'>A,</span> <span class='ocrx_word' id='word_1_50' title='bbox 1209 565 1246 602; x_wconf 83' lang='grc' dir='ltr'>α,</span> <span class='ocrx_word' id='word_1_51' title='bbox 1280 554 1305 592; x_wconf 88' lang='grc'>4</span> <span class='ocrx_word' id='word_1_52' title='bbox 1338 570 1389 585; x_wconf 90' lang='lat'>=</span> <span class='ocrx_word' id='word_1_53' title='bbox 1424 553 1555 593; x_wconf 84' lang='lat' dir='ltr'>Anax.</span> <span class='ocrx_word' id='word_1_54' title='bbox 1591 555 1629 603; x_wconf 81' lang='lat'>8,</span> <span class='ocrx_word' id='word_1_55' title='bbox 1656 555 1677 592; x_wconf 88' lang='grc'>7</span> 
     </span>
     <span class='ocr_line' id='line_1_8' title="bbox 165 625 1678 680; baseline -0.001 -11"><span class='ocrx_word' id='word_1_56' title='bbox 165 626 217 669; x_wconf 92' lang='lat' dir='ltr'>de</span> <span class='ocrx_word' id='word_1_57' title='bbox 261 626 390 669; x_wconf 90' lang='lat' dir='ltr'>tertio</span> <span class='ocrx_word' id='word_1_58' title='bbox 431 638 599 679; x_wconf 87' lang='lat' dir='ltr'>genere.</span> <span class='ocrx_word' id='word_1_59' title='bbox 663 627 874 680; x_wconf 89' lang='lat' dir='ltr'>Antiphon</span> <span class='ocrx_word' id='word_1_60' title='bbox 907 625 955 680; x_wconf 85' lang='lat' dir='ltr'>A,</span> <span class='ocrx_word' id='word_1_61' title='bbox 990 642 1027 678; x_wconf 84' lang='grc' dir='ltr'>α,</span> <span class='ocrx_word' id='word_1_62' title='bbox 1062 630 1084 668; x_wconf 87' lang='grc'>5</span> <span class='ocrx_word' id='word_1_63' title='bbox 1117 643 1173 656; x_wconf 89' lang='lat'><strong><em>=</em></strong></span> <span class='ocrx_word' id='word_1_64' title='bbox 1205 627 1335 669; x_wconf 83' lang='lat' dir='ltr'>Anax.</span> <span class='ocrx_word' id='word_1_65' title='bbox 1367 630 1405 678; x_wconf 84' lang='grc'>8,</span> <span class='ocrx_word' id='word_1_66' title='bbox 1440 629 1462 668; x_wconf 82' lang='grc'>6</span> <span class='ocrx_word' id='word_1_67' title='bbox 1497 626 1678 679; x_wconf 86' lang='lat' dir='ltr'>primum</span> 
     </span>
     <span class='ocr_line' id='line_1_9' title="bbox 164 697 1678 755; baseline -0.001 -14"><span class='ocrx_word' id='word_1_68' title='bbox 164 711 312 755; x_wconf 83' lang='lat' dir='ltr'>genus.</span> <span class='ocrx_word' id='word_1_69' title='bbox 359 698 574 752; x_wconf 85' lang='lat' dir='ltr'>Antiphon</span> <span class='ocrx_word' id='word_1_70' title='bbox 607 697 707 753; x_wconf 84' lang='lat' dir='ltr'>(lb.)</span> <span class='ocrx_word' id='word_1_71' title='bbox 740 697 925 753; x_wconf 77' lang='grc' dir='ltr'>ἐπιθυμία</span> <span class='ocrx_word' id='word_1_72' title='bbox 1063 698 1087 738; x_wconf 77' lang='grc' dir='ltr'>ὅ</span> <span class='ocrx_word' id='word_1_73' title='bbox 1115 713 1156 738; x_wconf 91' lang='grc' dir='ltr'>τε</span> <span class='ocrx_word' id='word_1_74' title='bbox 1184 698 1307 753; x_wconf 78' lang='grc' dir='ltr'>φόβος</span> <span class='ocrx_word' id='word_1_75' title='bbox 1338 730 1345 738; x_wconf 97' lang='grc'><em>.</em></span> <span class='ocrx_word' id='word_1_76' title='bbox 1371 731 1378 738; x_wconf 92' lang='grc'><strong>.</strong></span> <span class='ocrx_word' id='word_1_77' title='bbox 1404 731 1410 738; x_wconf 96' lang='grc'><em>.</em></span> <span class='ocrx_word' id='word_1_78' title='bbox 1437 730 1445 738; x_wconf 93' lang='grc'><strong>.</strong></span> <span class='ocrx_word' id='word_1_79' title='bbox 1478 720 1534 735; x_wconf 67' lang='lat' dir='ltr'><em>z</em></span> <span class='ocrx_word' id='word_1_80' title='bbox 1568 700 1678 741; x_wconf 80' lang='lat' dir='ltr'>Ana-</span> 
     </span>
     <span class='ocr_line' id='line_1_10' title="bbox 163 770 1091 826; baseline -0.001 -13"><span class='ocrx_word' id='word_1_81' title='bbox 163 772 351 813; x_wconf 85' lang='lat' dir='ltr'>ximenes</span> <span class='ocrx_word' id='word_1_82' title='bbox 384 770 483 825; x_wconf 89' lang='lat' dir='ltr'>(Ib.)</span> <span class='ocrx_word' id='word_1_83' title='bbox 517 770 714 817; x_wconf 79' lang='grc' dir='ltr'>δείσαντες</span> <span class='ocrx_word' id='word_1_84' title='bbox 745 773 770 825; x_wconf 75' lang='grc' dir='ltr'>ἢ</span> <span class='ocrx_word' id='word_1_85' title='bbox 801 772 1091 826; x_wconf 78' lang='grc' dir='ltr'>ἐπιθυμοῦντες.</span> 
     </span>
    </p>
   </div>
   <div class='ocr_carea' id='block_1_3' title="bbox 163 872 1680 1292">
    <p class='ocr_par' dir='ltr' id='par_1_3' title="bbox 163 872 1680 1292">
     <span class='ocr_line' id='line_1_11' title="bbox 281 872 1679 927; baseline -0.001 -12"><span class='ocrx_word' id='word_1_86' title='bbox 281 873 471 927; x_wconf 88' lang='lat' dir='ltr'>Denique</span> <span class='ocrx_word' id='word_1_87' title='bbox 505 886 596 915; x_wconf 87' lang='lat' dir='ltr'>cum</span> <span class='ocrx_word' id='word_1_88' title='bbox 630 873 709 915; x_wconf 90' lang='lat' dir='ltr'>hoc</span> <span class='ocrx_word' id='word_1_89' title='bbox 740 875 808 913; x_wconf 81' lang='grc' dir='ltr'>τοῦ</span> <span class='ocrx_word' id='word_1_90' title='bbox 840 873 987 919; x_wconf 81' lang='grc' dir='ltr'><strong>εἰκότος</strong></span> <span class='ocrx_word' id='word_1_91' title='bbox 1026 873 1117 915; x_wconf 91' lang='lat' dir='ltr'>loco</span> <span class='ocrx_word' id='word_1_92' title='bbox 1159 872 1401 915; x_wconf 89' lang='lat' dir='ltr'>consentire</span> <span class='ocrx_word' id='word_1_93' title='bbox 1433 873 1533 914; x_wconf 91' lang='lat' dir='ltr'>mihi</span> <span class='ocrx_word' id='word_1_94' title='bbox 1564 872 1679 914; x_wconf 91' lang='lat' dir='ltr'>vide-</span> 
     </span>
     <span class='ocr_line' id='line_1_12' title="bbox 164 941 1680 999; baseline -0.001 -12"><span class='ocrx_word' id='word_1_95' title='bbox 164 949 235 987; x_wconf 73' lang='lat' dir='ltr'>tur</span> <span class='ocrx_word' id='word_1_96' title='bbox 263 944 381 990; x_wconf 84' lang='grc' dir='ltr'><strong>τόπος</strong></span> <span class='ocrx_word' id='word_1_97' title='bbox 411 941 454 984; x_wconf 85' lang='grc' dir='ltr'>τὸ</span> <span class='ocrx_word' id='word_1_98' title='bbox 487 944 530 984; x_wconf 79' lang='grc' dir='ltr'>ἐκ</span> <span class='ocrx_word' id='word_1_99' title='bbox 560 948 636 984; x_wconf 88' lang='grc' dir='ltr'>τῶν</span> <span class='ocrx_word' id='word_1_100' title='bbox 670 943 972 999; x_wconf 77' lang='grc' dir='ltr'>ἁμαρτηθέντων</span> <span class='ocrx_word' id='word_1_101' title='bbox 1004 944 1236 998; x_wconf 74' lang='grc' dir='ltr'>κατηγορεῖν</span> <span class='ocrx_word' id='word_1_102' title='bbox 1259 945 1284 997; x_wconf 79' lang='grc' dir='ltr'>ἢ</span> <span class='ocrx_word' id='word_1_103' title='bbox 1315 943 1596 996; x_wconf 79' lang='grc' dir='ltr'>ἀπολογεῖσθαι</span> <span class='ocrx_word' id='word_1_104' title='bbox 1627 943 1680 985; x_wconf 88' lang='lat' dir='ltr'>de</span> 
     </span>
     <span class='ocr_line' id='line_1_13' title="bbox 164 1015 1680 1074; baseline -0.001 -14"><span class='ocrx_word' id='word_1_105' title='bbox 164 1030 245 1072; x_wconf 89' lang='lat' dir='ltr'>quo</span> <span class='ocrx_word' id='word_1_106' title='bbox 279 1017 527 1060; x_wconf 90' lang='lat' dir='ltr'>Theodorus</span> <span class='ocrx_word' id='word_1_107' title='bbox 568 1017 803 1071; x_wconf 91' lang='lat' dir='ltr'>disputavit</span> <span class='ocrx_word' id='word_1_108' title='bbox 845 1016 933 1074; x_wconf 91' lang='lat' dir='ltr'>(Ar.</span> <span class='ocrx_word' id='word_1_109' title='bbox 966 1017 1092 1059; x_wconf 83' lang='lat' dir='ltr'>Rhet.</span> <span class='ocrx_word' id='word_1_110' title='bbox 1126 1019 1164 1068; x_wconf 87' lang='lat'>2,</span> <span class='ocrx_word' id='word_1_111' title='bbox 1199 1019 1265 1068; x_wconf 88' lang='lat'>23,</span> <span class='ocrx_word' id='word_1_112' title='bbox 1300 1018 1384 1071; x_wconf 82' lang='lat'>28).</span> <span class='ocrx_word' id='word_1_113' title='bbox 1448 1015 1528 1067; x_wconf 85' lang='lat' dir='ltr'>Qui</span> <span class='ocrx_word' id='word_1_114' title='bbox 1569 1017 1680 1058; x_wconf 92' lang='lat' dir='ltr'>enim</span> 
     </span>
     <span class='ocr_line' id='line_1_14' title="bbox 163 1090 1680 1144; baseline -0.001 -12"><span class='ocrx_word' id='word_1_115' title='bbox 163 1090 225 1133; x_wconf 90' lang='lat' dir='ltr'>ita</span> <span class='ocrx_word' id='word_1_116' title='bbox 256 1091 557 1133; x_wconf 86' lang='lat' dir='ltr'>ratiocinatur:</span> <span class='ocrx_word' id='word_1_117' title='bbox 603 1102 836 1141; x_wconf 87' lang='lat' dir='ltr'>errassem,</span> <span class='ocrx_word' id='word_1_118' title='bbox 869 1091 951 1132; x_wconf 91' lang='lat' dir='ltr'>nisi</span> <span class='ocrx_word' id='word_1_119' title='bbox 980 1090 1022 1132; x_wconf 91' lang='lat' dir='ltr'>id</span> <span class='ocrx_word' id='word_1_120' title='bbox 1055 1090 1272 1144; x_wconf 84' lang='lat' dir='ltr'>fecissem,</span> <span class='ocrx_word' id='word_1_121' title='bbox 1307 1090 1359 1131; x_wconf 84' lang='lat' dir='ltr'>ad</span> <span class='ocrx_word' id='word_1_122' title='bbox 1392 1090 1680 1132; x_wconf 89' lang='lat' dir='ltr'>verisimilitu-</span> 
     </span>
     <span class='ocr_line' id='line_1_15' title="bbox 164 1162 1678 1216; baseline -0.001 -11"><span class='ocrx_word' id='word_1_123' title='bbox 164 1162 306 1205; x_wconf 91' lang='lat' dir='ltr'>dinem</span> <span class='ocrx_word' id='word_1_124' title='bbox 337 1175 387 1205; x_wconf 88' lang='lat' dir='ltr'>ex</span> <span class='ocrx_word' id='word_1_125' title='bbox 418 1163 664 1216; x_wconf 89' lang='lat' dir='ltr'>quotidiano</span> <span class='ocrx_word' id='word_1_126' title='bbox 695 1175 835 1205; x_wconf 90' lang='lat' dir='ltr'>rerum</span> <span class='ocrx_word' id='word_1_127' title='bbox 868 1175 946 1205; x_wconf 90' lang='lat' dir='ltr'>usu</span> <span class='ocrx_word' id='word_1_128' title='bbox 971 1163 1290 1216; x_wconf 88' lang='lat' dir='ltr'>provenientem</span> <span class='ocrx_word' id='word_1_129' title='bbox 1321 1163 1497 1216; x_wconf 90' lang='lat' dir='ltr'>respicit</span> <span class='ocrx_word' id='word_1_130' title='bbox 1528 1162 1678 1216; x_wconf 87' lang='lat' dir='ltr'>(Anax.</span> 
     </span>
     <span class='ocr_line' id='line_1_16' title="bbox 165 1234 296 1292; baseline 0.008 -15"><span class='ocrx_word' id='word_1_131' title='bbox 165 1239 204 1287; x_wconf 88' lang='grc'>8,</span> <span class='ocrx_word' id='word_1_132' title='bbox 239 1234 296 1292; x_wconf 90' lang='grc'>4).</span> 
     </span>
    </p>
   </div>
   <div class='ocr_carea' id='block_1_4' title="bbox 162 1321 1680 1439">
    <p class='ocr_par' dir='ltr' id='par_1_4' title="bbox 162 1321 1680 1439">
     <span class='ocr_line' id='line_1_17' title="bbox 281 1321 1680 1376; baseline 0 -12"><span class='ocrx_word' id='word_1_133' title='bbox 281 1321 478 1365; x_wconf 84' lang='lat' dir='ltr'>Difficilis</span> <span class='ocrx_word' id='word_1_134' title='bbox 509 1326 647 1365; x_wconf 89' lang='lat' dir='ltr'>restat</span> <span class='ocrx_word' id='word_1_135' title='bbox 689 1323 882 1376; x_wconf 89' lang='lat' dir='ltr'>quaestio</span> <span class='ocrx_word' id='word_1_136' title='bbox 914 1322 966 1364; x_wconf 90' lang='lat' dir='ltr'>de</span> <span class='ocrx_word' id='word_1_137' title='bbox 998 1321 1214 1364; x_wconf 87' lang='lat' dir='ltr'>vocabulis</span> <span class='ocrx_word' id='word_1_138' title='bbox 1246 1321 1497 1376; x_wconf 88' lang='lat' dir='ltr'>quibusdam</span> <span class='ocrx_word' id='word_1_139' title='bbox 1530 1321 1680 1365; x_wconf 88' lang='lat' dir='ltr'>obscu-</span> 
     </span>
     <span class='ocr_line' id='line_1_18' title="bbox 162 1395 361 1439; baseline 0 -1"><span class='ocrx_word' id='word_1_140' title='bbox 162 1395 361 1439; x_wconf 88' lang='lat' dir='ltr'>rioribus.</span> 
     </span>
    </p>
   </div>
   <div class='ocr_carea' id='block_1_5' title="bbox 164 1496 1686 2864">
    <p class='ocr_par' dir='ltr' id='par_1_5' title="bbox 164 1496 1686 2864">
     <span class='ocr_line' id='line_1_19' title="bbox 279 1496 1682 1549; baseline 0.001 -11"><span class='ocrx_word' id='word_1_141' title='bbox 279 1496 441 1539; x_wconf 90' lang='lat' dir='ltr'>Iterum</span> <span class='ocrx_word' id='word_1_142' title='bbox 471 1496 583 1538; x_wconf 92' lang='lat' dir='ltr'>idem</span> <span class='ocrx_word' id='word_1_143' title='bbox 616 1496 864 1538; x_wconf 88' lang='lat' dir='ltr'>Theodorus</span> <span class='ocrx_word' id='word_1_144' title='bbox 903 1496 956 1538; x_wconf 92' lang='lat' dir='ltr'>ad</span> <span class='ocrx_word' id='word_1_145' title='bbox 997 1500 1144 1549; x_wconf 88' lang='lat' dir='ltr'>partes</span> <span class='ocrx_word' id='word_1_146' title='bbox 1186 1496 1399 1539; x_wconf 91' lang='lat' dir='ltr'>vocandus</span> <span class='ocrx_word' id='word_1_147' title='bbox 1432 1500 1510 1539; x_wconf 91' lang='lat' dir='ltr'>est.</span> <span class='ocrx_word' id='word_1_148' title='bbox 1573 1496 1682 1547; x_wconf 87' lang='lat' dir='ltr'>Quid</span> 
     </span>
     <span class='ocr_line' id='line_1_20' title="bbox 165 1568 1683 1622; baseline 0.001 -11"><span class='ocrx_word' id='word_1_149' title='bbox 165 1569 275 1612; x_wconf 87' lang='lat' dir='ltr'>enim</span> <span class='ocrx_word' id='word_1_150' title='bbox 307 1569 440 1612; x_wconf 85' lang='lat' dir='ltr'>velint</span> <span class='ocrx_word' id='word_1_151' title='bbox 468 1568 675 1622; x_wconf 80' lang='grc' dir='ltr'>πίστωσις,</span> <span class='ocrx_word' id='word_1_152' title='bbox 720 1569 991 1620; x_wconf 80' lang='grc' dir='ltr'>ἐπιπίστωσις,</span> <span class='ocrx_word' id='word_1_153' title='bbox 1036 1569 1159 1611; x_wconf 90' lang='lat' dir='ltr'>valde</span> <span class='ocrx_word' id='word_1_154' title='bbox 1190 1568 1366 1612; x_wconf 88' lang='lat' dir='ltr'>dubium</span> <span class='ocrx_word' id='word_1_155' title='bbox 1397 1574 1475 1612; x_wconf 78' lang='lat' dir='ltr'>est.</span> <span class='ocrx_word' id='word_1_156' title='bbox 1537 1570 1683 1613; x_wconf 79' lang='lat' dir='ltr'>AstiuS</span> 
     </span>
     <span class='ocr_line' id='line_1_21' title="bbox 165 1641 1683 1696; baseline 0.001 -12"><span class='ocrx_word' id='word_1_157' title='bbox 165 1642 274 1685; x_wconf 89' lang='lat' dir='ltr'>enim</span> <span class='ocrx_word' id='word_1_158' title='bbox 309 1642 413 1685; x_wconf 86' lang='lat' dir='ltr'>dicit</span> <span class='ocrx_word' id='word_1_159' title='bbox 442 1641 628 1683; x_wconf 82' lang='grc' dir='ltr'>πίστωσιν</span> <span class='ocrx_word' id='word_1_160' title='bbox 670 1655 764 1685; x_wconf 91' lang='lat' dir='ltr'>esse</span> <span class='ocrx_word' id='word_1_161' title='bbox 794 1641 1087 1696; x_wconf 88' lang='lat' dir='ltr'>probationem</span> <span class='ocrx_word' id='word_1_162' title='bbox 1121 1654 1171 1684; x_wconf 89' lang='lat' dir='ltr'>ex</span> <span class='ocrx_word' id='word_1_163' title='bbox 1203 1643 1298 1696; x_wconf 90' lang='lat' dir='ltr'>ipsa</span> <span class='ocrx_word' id='word_1_164' title='bbox 1327 1643 1390 1685; x_wconf 92' lang='lat' dir='ltr'>rei</span> <span class='ocrx_word' id='word_1_165' title='bbox 1422 1648 1574 1686; x_wconf 90' lang='lat' dir='ltr'>natura</span> <span class='ocrx_word' id='word_1_166' title='bbox 1606 1643 1683 1685; x_wconf 92' lang='lat' dir='ltr'>du-</span> 
     </span>
     <span class='ocr_line' id='line_1_22' title="bbox 166 1714 1684 1769; baseline 0.001 -12"><span class='ocrx_word' id='word_1_167' title='bbox 166 1719 304 1766; x_wconf 85' lang='lat' dir='ltr'>ctam,</span> <span class='ocrx_word' id='word_1_168' title='bbox 345 1714 597 1756; x_wconf 81' lang='grc' dir='ltr'>ἐπιπίστωσιν</span> <span class='ocrx_word' id='word_1_169' title='bbox 636 1728 736 1758; x_wconf 86' lang='lat' dir='ltr'>vero</span> <span class='ocrx_word' id='word_1_170' title='bbox 776 1727 827 1757; x_wconf 89' lang='lat' dir='ltr'>ex</span> <span class='ocrx_word' id='word_1_171' title='bbox 857 1715 950 1768; x_wconf 90' lang='lat' dir='ltr'>ipsa</span> <span class='ocrx_word' id='word_1_172' title='bbox 981 1714 1165 1757; x_wconf 87' lang='lat' dir='ltr'>oratoris</span> <span class='ocrx_word' id='word_1_173' title='bbox 1197 1715 1473 1768; x_wconf 86' lang='lat' dir='ltr'>persuasione</span> <span class='ocrx_word' id='word_1_174' title='bbox 1503 1716 1684 1769; x_wconf 85' lang='lat' dir='ltr'>petitam</span> 
     </span>
     <span class='ocr_line' id='line_1_23' title="bbox 166 1786 1685 1845; baseline 0.001 -17"><span class='ocrx_word' id='word_1_175' title='bbox 166 1786 351 1845; x_wconf 80' lang='grc' dir='ltr'>[ἄτεχνοι.</span> <span class='ocrx_word' id='word_1_176' title='bbox 385 1786 759 1845; x_wconf 79' lang='grc' dir='ltr'>ἔντεχνοιπίστεις];</span> <span class='ocrx_word' id='word_1_177' title='bbox 792 1787 1013 1829; x_wconf 83' lang='lat' dir='ltr'>Hermias:</span> <span class='ocrx_word' id='word_1_178' title='bbox 1046 1786 1298 1828; x_wconf 76' lang='grc' dir='ltr'>ἐπιπίστωσιν</span> <span class='ocrx_word' id='word_1_179' title='bbox 1330 1787 1436 1842; x_wconf 80' lang='grc' dir='ltr'>λέγει</span> <span class='ocrx_word' id='word_1_180' title='bbox 1465 1787 1507 1828; x_wconf 85' lang='grc' dir='ltr'>τὸ</span> <span class='ocrx_word' id='word_1_181' title='bbox 1539 1787 1602 1829; x_wconf 86' lang='grc' dir='ltr'>ἐπὶ</span> <span class='ocrx_word' id='word_1_182' title='bbox 1635 1789 1685 1829; x_wconf 86' lang='grc' dir='ltr'>ἀ-</span> 
     </span>
     <span class='ocr_line' id='line_1_24' title="bbox 165 1860 1683 1917; baseline 0.001 -14"><span class='ocrx_word' id='word_1_183' title='bbox 165 1861 334 1908; x_wconf 76' lang='grc' dir='ltr'>ποδείξει</span> <span class='ocrx_word' id='word_1_184' title='bbox 364 1861 498 1917; x_wconf 85' lang='grc' dir='ltr'>ἑτέραν</span> <span class='ocrx_word' id='word_1_185' title='bbox 531 1861 725 1907; x_wconf 60' lang='grc' dir='ltr'>ἀπόδειξιν</span> <span class='ocrx_word' id='word_1_186' title='bbox 757 1861 966 1914; x_wconf 72' lang='grc' dir='ltr'>ἐπαγαγεῖν</span> <span class='ocrx_word' id='word_1_187' title='bbox 1000 1892 1225 1903; x_wconf 87' lang='grc'><strong>......</strong></span> <span class='ocrx_word' id='word_1_188' title='bbox 1261 1862 1316 1903; x_wconf 83' lang='lat' dir='ltr'>At</span> <span class='ocrx_word' id='word_1_189' title='bbox 1339 1860 1521 1915; x_wconf 82' lang='lat' dir='ltr'>Spengel</span> <span class='ocrx_word' id='word_1_190' title='bbox 1555 1863 1621 1914; x_wconf 83' lang='lat' dir='ltr'>(A.</span> <span class='ocrx_word' id='word_1_191' title='bbox 1642 1862 1683 1905; x_wconf 82' lang='lat' dir='ltr'>S.</span> 
     </span>
     <span class='ocr_line' id='line_1_25' title="bbox 165 1932 1684 1988; baseline -0.001 -11"><span class='ocrx_word' id='word_1_192' title='bbox 165 1947 206 1988; x_wconf 89' lang='lat' dir='ltr'>p.</span> <span class='ocrx_word' id='word_1_193' title='bbox 239 1936 311 1988; x_wconf 85' lang='lat'>99)</span> <span class='ocrx_word' id='word_1_194' title='bbox 342 1935 428 1977; x_wconf 84' lang='lat' dir='ltr'>ita:</span> <span class='ocrx_word' id='word_1_195' title='bbox 472 1934 552 1976; x_wconf 80' lang='lat' dir='ltr'>Est</span> <span class='ocrx_word' id='word_1_196' title='bbox 581 1934 712 1986; x_wconf 75' lang='lat' dir='ltr'>igitur</span> <span class='ocrx_word' id='word_1_197' title='bbox 742 1932 927 1979; x_wconf 78' lang='grc' dir='ltr'>πίστωσις</span> <span class='ocrx_word' id='word_1_198' title='bbox 959 1933 1071 1986; x_wconf 92' lang='lat' dir='ltr'>quod</span> <span class='ocrx_word' id='word_1_199' title='bbox 1104 1933 1327 1976; x_wconf 81' lang='lat' dir='ltr'>Aristoteli</span> <span class='ocrx_word' id='word_1_200' title='bbox 1359 1933 1510 1986; x_wconf 69' lang='grc' dir='ltr'>πίστιςς</span> <span class='ocrx_word' id='word_1_201' title='bbox 1556 1935 1684 1975; x_wconf 80' lang='grc' dir='ltr'>ἐπιπί-</span> 
     </span>
     <span class='ocr_line' id='line_1_26' title="bbox 166 2005 1685 2062; baseline 0.001 -13"><span class='ocrx_word' id='word_1_202' title='bbox 166 2023 309 2055; x_wconf 75' lang='grc' dir='ltr'>στωσις</span> <span class='ocrx_word' id='word_1_203' title='bbox 339 2008 380 2050; x_wconf 94' lang='lat' dir='ltr'>id</span> <span class='ocrx_word' id='word_1_204' title='bbox 414 2008 525 2062; x_wconf 90' lang='lat' dir='ltr'>quod</span> <span class='ocrx_word' id='word_1_205' title='bbox 557 2020 638 2050; x_wconf 92' lang='lat' dir='ltr'>non</span> <span class='ocrx_word' id='word_1_206' title='bbox 672 2007 838 2061; x_wconf 87' lang='lat' dir='ltr'>quidem</span> <span class='ocrx_word' id='word_1_207' title='bbox 872 2005 1128 2060; x_wconf 86' lang='lat' dir='ltr'>approbatio</span> <span class='ocrx_word' id='word_1_208' title='bbox 1162 2011 1205 2049; x_wconf 91' lang='lat' dir='ltr'>et</span> <span class='ocrx_word' id='word_1_209' title='bbox 1232 2006 1494 2050; x_wconf 87' lang='lat' dir='ltr'>confirmatio</span> <span class='ocrx_word' id='word_1_210' title='bbox 1526 2012 1606 2062; x_wconf 88' lang='lat' dir='ltr'>est,</span> <span class='ocrx_word' id='word_1_211' title='bbox 1640 2013 1685 2051; x_wconf 90' lang='lat' dir='ltr'>at</span> 
     </span>
     <span class='ocr_line' id='line_1_27' title="bbox 165 2077 1686 2134; baseline 0.002 -13"><span class='ocrx_word' id='word_1_212' title='bbox 165 2079 354 2133; x_wconf 88' lang='lat' dir='ltr'>proxime</span> <span class='ocrx_word' id='word_1_213' title='bbox 386 2083 528 2122; x_wconf 90' lang='lat' dir='ltr'>tamen</span> <span class='ocrx_word' id='word_1_214' title='bbox 569 2079 676 2121; x_wconf 88' lang='lat' dir='ltr'>hanc</span> <span class='ocrx_word' id='word_1_215' title='bbox 709 2077 897 2130; x_wconf 78' lang='lat' dir='ltr'>accedit3</span> <span class='ocrx_word' id='word_1_216' title='bbox 941 2077 1074 2131; x_wconf 87' lang='lat' dir='ltr'>igitur</span> <span class='ocrx_word' id='word_1_217' title='bbox 1114 2078 1362 2121; x_wconf 89' lang='lat' dir='ltr'>verisimilia</span> <span class='ocrx_word' id='word_1_218' title='bbox 1405 2092 1513 2133; x_wconf 91' lang='lat' dir='ltr'>quae</span> <span class='ocrx_word' id='word_1_219' title='bbox 1555 2093 1686 2134; x_wconf 91' lang='lat' dir='ltr'>supra</span> 
     </span>
     <span class='ocr_line' id='line_1_28' title="bbox 166 2150 1685 2208; baseline 0.001 -14"><span class='ocrx_word' id='word_1_220' title='bbox 166 2153 274 2195; x_wconf 83' lang='lat' dir='ltr'>dixit</span> <span class='ocrx_word' id='word_1_221' title='bbox 304 2152 448 2193; x_wconf 80' lang='grc' dir='ltr'>εἰκότα.</span> <span class='ocrx_word' id='word_1_222' title='bbox 511 2151 627 2202; x_wconf 85' lang='lat' dir='ltr'>Quae</span> <span class='ocrx_word' id='word_1_223' title='bbox 646 2150 927 2193; x_wconf 84' lang='lat' dir='ltr'>Stallbaumio</span> <span class='ocrx_word' id='word_1_224' title='bbox 951 2163 1032 2193; x_wconf 92' lang='lat' dir='ltr'>non</span> <span class='ocrx_word' id='word_1_225' title='bbox 1055 2152 1250 2204; x_wconf 88' lang='lat' dir='ltr'>placent:</span> <span class='ocrx_word' id='word_1_226' title='bbox 1282 2152 1404 2194; x_wconf 90' lang='lat' dir='ltr'>addit</span> <span class='ocrx_word' id='word_1_227' title='bbox 1421 2152 1539 2205; x_wconf 90' lang='lat' dir='ltr'>ipse:</span> <span class='ocrx_word' id='word_1_228' title='bbox 1575 2153 1685 2208; x_wconf 78' lang='lat' dir='ltr'>„Vo-</span> 
     </span>
     <span class='ocr_line' id='line_1_29' title="bbox 167 2223 1685 2278; baseline 0.001 -11"><span class='ocrx_word' id='word_1_229' title='bbox 167 2224 412 2268; x_wconf 88' lang='lat' dir='ltr'>cabulorum</span> <span class='ocrx_word' id='word_1_230' title='bbox 434 2223 759 2278; x_wconf 87' lang='lat' dir='ltr'>originationem</span> <span class='ocrx_word' id='word_1_231' title='bbox 779 2223 814 2265; x_wconf 90' lang='lat' dir='ltr'>si</span> <span class='ocrx_word' id='word_1_232' title='bbox 834 2228 1092 2276; x_wconf 87' lang='lat' dir='ltr'>spectamus,</span> <span class='ocrx_word' id='word_1_233' title='bbox 1125 2241 1163 2265; x_wconf 87' lang='grc' dir='ltr'>π.</span> <span class='ocrx_word' id='word_1_234' title='bbox 1192 2230 1235 2267; x_wconf 90' lang='lat' dir='ltr'>et</span> <span class='ocrx_word' id='word_1_235' title='bbox 1267 2240 1326 2266; x_wconf 82' lang='grc' dir='ltr'>επ.</span> <span class='ocrx_word' id='word_1_236' title='bbox 1361 2225 1559 2269; x_wconf 91' lang='lat' dir='ltr'>videntur</span> <span class='ocrx_word' id='word_1_237' title='bbox 1591 2239 1685 2269; x_wconf 89' lang='lat' dir='ltr'>esse</span> 
     </span>
     <span class='ocr_line' id='line_1_30' title="bbox 166 2297 1685 2351; baseline 0 -9"><span class='ocrx_word' id='word_1_238' title='bbox 166 2297 430 2342; x_wconf 86' lang='lat' dir='ltr'>confirmatio</span> <span class='ocrx_word' id='word_1_239' title='bbox 473 2297 677 2351; x_wconf 86' lang='lat' dir='ltr'>primaria</span> <span class='ocrx_word' id='word_1_240' title='bbox 717 2309 766 2338; x_wconf 91' lang='lat' dir='ltr'>ac</span> <span class='ocrx_word' id='word_1_241' title='bbox 809 2298 1078 2340; x_wconf 89' lang='lat' dir='ltr'>secundaria.</span> <span class='ocrx_word' id='word_1_242' title='bbox 1141 2297 1276 2348; x_wconf 83' lang='lat' dir='ltr'>Quam</span> <span class='ocrx_word' id='word_1_243' title='bbox 1307 2299 1457 2341; x_wconf 86' lang='lat' dir='ltr'>rhetor</span> <span class='ocrx_word' id='word_1_244' title='bbox 1486 2300 1568 2342; x_wconf 90' lang='lat' dir='ltr'>iste</span> <span class='ocrx_word' id='word_1_245' title='bbox 1600 2299 1685 2342; x_wconf 84' lang='lat' dir='ltr'>for-</span> 
     </span>
     <span class='ocr_line' id='line_1_31' title="bbox 165 2369 1684 2424; baseline 0.001 -9"><span class='ocrx_word' id='word_1_246' title='bbox 165 2375 285 2415; x_wconf 88' lang='lat' dir='ltr'>tasse</span> <span class='ocrx_word' id='word_1_247' title='bbox 330 2370 382 2413; x_wconf 89' lang='lat' dir='ltr'>ab</span> <span class='ocrx_word' id='word_1_248' title='bbox 426 2370 689 2424; x_wconf 89' lang='lat' dir='ltr'>argumentis</span> <span class='ocrx_word' id='word_1_249' title='bbox 736 2373 779 2412; x_wconf 88' lang='lat' dir='ltr'>et</span> <span class='ocrx_word' id='word_1_250' title='bbox 822 2369 1119 2423; x_wconf 89' lang='lat' dir='ltr'>probabilibus</span> <span class='ocrx_word' id='word_1_251' title='bbox 1153 2371 1367 2414; x_wconf 90' lang='lat' dir='ltr'>diversam</span> <span class='ocrx_word' id='word_1_252' title='bbox 1398 2385 1493 2415; x_wconf 88' lang='lat' dir='ltr'>esse</span> <span class='ocrx_word' id='word_1_253' title='bbox 1523 2373 1684 2416; x_wconf 82' lang='lat' dir='ltr'>voluit“</span> 
     </span>
     <span class='ocr_line' id='line_1_32' title="bbox 165 2441 1685 2497; baseline 0.001 -10"><span class='ocrx_word' id='word_1_254' title='bbox 165 2443 246 2495; x_wconf 86' lang='lat' dir='ltr'>(St.</span> <span class='ocrx_word' id='word_1_255' title='bbox 290 2443 344 2486; x_wconf 88' lang='lat' dir='ltr'>ad</span> <span class='ocrx_word' id='word_1_256' title='bbox 384 2441 565 2485; x_wconf 90' lang='lat' dir='ltr'>Phaedr.</span> <span class='ocrx_word' id='word_1_257' title='bbox 611 2444 706 2484; x_wconf 84' lang='lat'><strong>266.</strong></span> <span class='ocrx_word' id='word_1_258' title='bbox 753 2441 822 2496; x_wconf 88' lang='lat' dir='ltr'>D).</span> <span class='ocrx_word' id='word_1_259' title='bbox 886 2443 1024 2485; x_wconf 88' lang='lat' dir='ltr'>Aliter</span> <span class='ocrx_word' id='word_1_260' title='bbox 1063 2442 1193 2485; x_wconf 91' lang='lat' dir='ltr'>verba</span> <span class='ocrx_word' id='word_1_261' title='bbox 1235 2444 1448 2497; x_wconf 85' lang='lat' dir='ltr'>explicant</span> <span class='ocrx_word' id='word_1_262' title='bbox 1492 2445 1534 2487; x_wconf 93' lang='lat' dir='ltr'>in</span> <span class='ocrx_word' id='word_1_263' title='bbox 1574 2458 1685 2489; x_wconf 89' lang='lat' dir='ltr'>com-</span> 
     </span>
     <span class='ocr_line' id='line_1_33' title="bbox 165 2514 1683 2571; baseline 0.001 -11"><span class='ocrx_word' id='word_1_264' title='bbox 165 2516 428 2560; x_wconf 88' lang='lat' dir='ltr'>mentatione</span> <span class='ocrx_word' id='word_1_265' title='bbox 460 2514 515 2569; x_wconf 27' lang='lat' dir='ltr'>ad,</span> <span class='ocrx_word' id='word_1_266' title='bbox 532 2514 603 2556; x_wconf 90' lang='lat' dir='ltr'>Ar.</span> <span class='ocrx_word' id='word_1_267' title='bbox 624 2514 702 2557; x_wconf 90' lang='lat' dir='ltr'>Rh.</span> <span class='ocrx_word' id='word_1_268' title='bbox 726 2515 889 2571; x_wconf 71' lang='lat'>3‚13.§</span> <span class='ocrx_word' id='word_1_269' title='bbox 914 2519 936 2557; x_wconf 87' lang='grc'>5</span> <span class='ocrx_word' id='word_1_270' title='bbox 971 2514 1055 2569; x_wconf 90' lang='lat' dir='ltr'>(ed.</span> <span class='ocrx_word' id='word_1_271' title='bbox 1071 2515 1198 2570; x_wconf 89' lang='lat' dir='ltr'>Cope,</span> <span class='ocrx_word' id='word_1_272' title='bbox 1217 2516 1268 2559; x_wconf 86' lang='lat' dir='ltr'>cf.</span> <span class='ocrx_word' id='word_1_273' title='bbox 1284 2517 1394 2559; x_wconf 89' lang='lat' dir='ltr'>Plat.</span> <span class='ocrx_word' id='word_1_274' title='bbox 1409 2517 1592 2562; x_wconf 90' lang='lat' dir='ltr'>Phaedr.</span> <span class='ocrx_word' id='word_1_275' title='bbox 1610 2520 1683 2562; x_wconf 89' lang='lat' dir='ltr'>l.c.</span> 
     </span>
     <span class='ocr_line' id='line_1_34' title="bbox 166 2586 1685 2643; baseline 0.001 -9"><span class='ocrx_word' id='word_1_276' title='bbox 166 2591 232 2634; x_wconf 91' lang='lat' dir='ltr'>ed.</span> <span class='ocrx_word' id='word_1_277' title='bbox 265 2586 540 2643; x_wconf 86' lang='lat' dir='ltr'>Thompson).</span> <span class='ocrx_word' id='word_1_278' title='bbox 601 2589 720 2631; x_wconf 89' lang='lat' dir='ltr'>Inter</span> <span class='ocrx_word' id='word_1_279' title='bbox 751 2601 797 2632; x_wconf 89' lang='lat' dir='ltr'>se</span> <span class='ocrx_word' id='word_1_280' title='bbox 821 2589 990 2632; x_wconf 88' lang='lat' dir='ltr'>scilicet</span> <span class='ocrx_word' id='word_1_281' title='bbox 1010 2590 1273 2643; x_wconf 86' lang='lat' dir='ltr'>respondent</span> <span class='ocrx_word' id='word_1_282' title='bbox 1302 2589 1489 2639; x_wconf 78' lang='grc' dir='ltr'>πίστωσις</span> <span class='ocrx_word' id='word_1_283' title='bbox 1523 2597 1565 2635; x_wconf 90' lang='lat' dir='ltr'>et</span> <span class='ocrx_word' id='word_1_284' title='bbox 1598 2593 1685 2635; x_wconf 86' lang='grc' dir='ltr'>ἐπι-</span> 
     </span>
     <span class='ocr_line' id='line_1_35' title="bbox 164 2659 1685 2713; baseline 0.003 -9"><span class='ocrx_word' id='word_1_285' title='bbox 164 2661 364 2708; x_wconf 81' lang='grc' dir='ltr'>πίστωσις.</span> <span class='ocrx_word' id='word_1_286' title='bbox 425 2660 544 2704; x_wconf 89' lang='lat' dir='ltr'>Haec</span> <span class='ocrx_word' id='word_1_287' title='bbox 575 2659 730 2713; x_wconf 90' lang='lat' dir='ltr'>firmat,</span> <span class='ocrx_word' id='word_1_288' title='bbox 772 2661 846 2704; x_wconf 90' lang='lat' dir='ltr'>illa</span> <span class='ocrx_word' id='word_1_289' title='bbox 876 2660 1103 2705; x_wconf 86' lang='lat' dir='ltr'>refutatur.</span> <span class='ocrx_word' id='word_1_290' title='bbox 1165 2663 1283 2705; x_wconf 89' lang='lat' dir='ltr'>Idem</span> <span class='ocrx_word' id='word_1_291' title='bbox 1313 2664 1427 2707; x_wconf 91' lang='lat' dir='ltr'>valet</span> <span class='ocrx_word' id='word_1_292' title='bbox 1459 2664 1512 2707; x_wconf 91' lang='lat' dir='ltr'>de</span> <span class='ocrx_word' id='word_1_293' title='bbox 1543 2665 1685 2709; x_wconf 90' lang='lat' dir='ltr'>verbis</span> 
     </span>
     <span class='ocr_line' id='line_1_36' title="bbox 166 2733 1684 2794; baseline 0.003 -14"><span class='ocrx_word' id='word_1_294' title='bbox 166 2734 442 2792; x_wconf 89' lang='lat' dir='ltr'>sequentibus</span> <span class='ocrx_word' id='word_1_295' title='bbox 474 2733 657 2792; x_wconf 81' lang='grc' dir='ltr'>(ἔλεγχος</span> <span class='ocrx_word' id='word_1_296' title='bbox 688 2738 733 2778; x_wconf 90' lang='lat' dir='ltr'>et</span> <span class='ocrx_word' id='word_1_297' title='bbox 762 2734 1050 2792; x_wconf 79' lang='grc' dir='ltr'>ἐπεξέλεγχος).</span> <span class='ocrx_word' id='word_1_298' title='bbox 1112 2736 1333 2780; x_wconf 90' lang='lat' dir='ltr'>Vocabula</span> <span class='ocrx_word' id='word_1_299' title='bbox 1354 2744 1511 2782; x_wconf 87' lang='lat' dir='ltr'>novata</span> <span class='ocrx_word' id='word_1_300' title='bbox 1541 2745 1684 2794; x_wconf 87' lang='lat' dir='ltr'>poste-</span> 
     </span>
     <span class='ocr_line' id='line_1_37' title="bbox 164 2808 1683 2864; baseline 0.002 -10"><span class='ocrx_word' id='word_1_301' title='bbox 164 2810 301 2854; x_wconf 87' lang='lat' dir='ltr'>riores</span> <span class='ocrx_word' id='word_1_302' title='bbox 332 2808 421 2852; x_wconf 86' lang='lat' dir='ltr'>fere</span> <span class='ocrx_word' id='word_1_303' title='bbox 454 2821 549 2853; x_wconf 88' lang='lat' dir='ltr'>cum</span> <span class='ocrx_word' id='word_1_304' title='bbox 569 2808 749 2853; x_wconf 88' lang='lat' dir='ltr'>Platone</span> <span class='ocrx_word' id='word_1_305' title='bbox 780 2809 996 2852; x_wconf 89' lang='lat' dir='ltr'>damnant.</span> <span class='ocrx_word' id='word_1_306' title='bbox 1060 2809 1103 2853; x_wconf 83' lang='lat' dir='ltr'>Si</span> <span class='ocrx_word' id='word_1_307' title='bbox 1134 2810 1350 2864; x_wconf 86' lang='lat' dir='ltr'>pergimus</span> <span class='ocrx_word' id='word_1_308' title='bbox 1382 2812 1438 2855; x_wconf 90' lang='lat' dir='ltr'>ad</span> <span class='ocrx_word' id='word_1_309' title='bbox 1459 2813 1683 2857; x_wconf 82' lang='lat' dir='ltr'>Anaxime-</span> 
     </span>
    </p>
   </div>
  </div>
 </body>
</html>
