1910 3154
938 63 1010 124 47'

208 203 282 243 aut
313 200 507 253 protinus
538 200 592 243 ad
622 198 918 252 probationem
940 197 1157 241 commode
1178 195 1226 238 fit
1254 195 1463 238 transitus
1482 194 1555 249 (cf.
1574 195 1716 246 Quint.

208 277 248 328 4,
284 277 319 327 1,
353 272 440 326 76).

325 345 433 388 Huic
483 346 695 389 diversum
738 345 930 388 ordinem
974 344 1133 387 diserte
1178 342 1390 397 praecipit
1434 343 1719 387 Anaximenes

210 418 264 471 (c.
298 421 364 472 30,
397 419 418 473 g
453 422 581 472 1—33
615 421 796 470 21--22‚
829 431 863 461 e.
897 421 975 472 37,
1007 416 1054 472 §g
1088 420 1125 469 3,
1161 417 1244 471 13).
1311 420 1345 459 1.
1380 416 1453 460 Sui
1484 417 1716 460 excusatio.

212 490 250 530 2.
281 488 513 531 Prothesis.
577 493 613 532 3.
647 489 838 531 Attentio
882 491 926 530 et
968 487 1222 529 conciliatio.
1292 487 1372 538 Qui
1403 491 1548 530 autem
1578 488 1718 530 conci-

209 560 301 612 liat,
334 573 380 603 se
409 561 569 616 laudat,
602 561 847 604 adversario
878 559 1105 602 obtrectat.
1165 559 1348 602 Maxime
1379 560 1421 601 in
1453 572 1501 602 eo
1533 560 1720 614 scriptor

211 634 402 686 laborat,
445 638 493 677 ut
521 635 721 677 invidiam
750 635 887 685 levet,
930 636 974 675 et
1005 632 1174 687 quidem
1216 633 1259 674 in
1290 632 1570 676 deliberativo
1602 637 1645 676 et
1675 634 1720 676 in

210 707 400 750 iudiciali
430 721 597 761 genere,
630 708 682 750 de
714 707 870 750 ceteris
902 705 1040 748 minus
1063 706 1267 758 curiosus,
1301 719 1376 749 nec
1408 710 1553 749 tamen
1584 707 1721 763 negli-

211 792 314 833 gens
346 781 422 833 (cc.
457 784 522 834 30,
556 784 622 834 37,
655 793 689 822 c.
724 783 792 831 36,
827 783 863 830 1,
898 782 936 829 2,
969 791 1003 820 c.
1037 781 1104 830 38,
1139 779 1195 832 2).

326 852 420 895 Non
462 853 646 896 alienum
687 856 754 896 est
797 851 849 894 de
889 863 935 894 se
976 850 1209 894 modestius
1249 851 1363 905 loqui
1404 850 1489 908 (30,
1525 856 1562 905 7,
1596 856 1663 907 37,
1695 856 1722 895 4

211 926 455 977 ἐλαττώσεις,
488 925 539 968 cf.
573 927 703 968 Isocr.
735 926 890 977 Paneg.
927 928 992 977 13,
1026 924 1166 973 Quint.
1198 929 1237 975 4,
1273 929 1309 977 1,
1342 929 1380 976 8,
1413 926 1470 981 9).

327 998 445 1042 Haec
475 999 789 1042 medicamenta
821 983 1094 1053 (ἰατρεύματα,
1127 996 1178 1039 cf.
1212 999 1342 1040 Anax.
1377 1002 1443 1052 31,
1475 1003 1498 1042 9
1530 997 1597 1046 τὰς
1630 999 1724 1041 ἀπι-

213 1070 320 1118 στίας
351 1070 562 1125 ἰασόμεθα)
597 1068 760 1122 spernit
793 1068 1068 1119 Aristoteles,
1110 1080 1185 1109 nec
1217 1071 1359 1110 tamen
1391 1070 1600 1122 praeterit
1630 1071 1721 1125 (Ar.

214 1144 293 1186 Rh.
331 1148 365 1199 1,
402 1148 436 1198 1,
472 1147 508 1186 3.
546 1146 583 1196 3,
620 1145 684 1193 14,
720 1145 757 1194 7,
790 1140 841 1183 cf.
876 1153 910 1183 c.
947 1138 1030 1196 15).
1092 1141 1125 1182 A
1158 1153 1239 1194 quo
1280 1141 1383 1185 illud
1413 1143 1525 1186 inter
1556 1144 1640 1187 alia
1671 1145 1724 1188 de

214 1218 404 1260 ‘tollenda
434 1216 593 1258 invidia
624 1218 899 1268 praeceptum
920 1217 999 1268 est,
1031 1213 1341 1270 ἀντιδιαβάλλειν
1363 1214 1426 1257 τὸν
1449 1216 1724 1274 διαβάλλοντα.

214 1290 416 1332 Praestat
447 1287 687 1341 exemplum
717 1286 946 1340 Euripides
976 1287 1019 1328 in
1052 1286 1231 1330 Bacchis
1264 1287 1364 1342 (266
1398 1290 1492 1344 sq.).

329 1429 395 1472 Ad
425 1427 674 1482 Euripidem
703 1427 971 1472 accedamus.

331 1520 425 1564 Non
456 1532 555 1563 raro
588 1532 612 1562 a
654 1519 767 1562 nuda
808 1519 1001 1573 prothesi
1042 1520 1193 1575 incipit
1225 1523 1320 1577 (An.
1354 1526 1407 1566 30
1438 1524 1563 1579 init.).
1624 1525 1726 1569 Sae-

217 1594 391 1647 pissime
424 1597 568 1635 orator
599 1605 645 1634 se
677 1596 873 1646 excusat,
915 1597 1010 1635 orat
1055 1597 1102 1636 ut
1148 1595 1367 1639 auditores
1413 1598 1500 1639 sint
1530 1597 1725 1652 benivoli,

218 1665 303 1708 sint
334 1666 500 1708 attenti.
562 1664 606 1707 Si
637 1668 780 1706 autem
812 1665 924 1717 quod
945 1665 1195 1718 ⁴rhetoricus
1226 1668 1371 1711 multis
1402 1671 1638 1723 praecipit,
1681 1672 1726 1715 id

218 1741 391 1792 poetam
435 1736 702 1791 paucissimis
746 1736 969 1780 absolvere
1009 1738 1195 1794 videbis,
1241 1752 1294 1783 ne
1335 1741 1513 1785 mireris.
1576 1743 1728 1787 Omnia

220 1811 333 1864 apud
364 1815 532 1863 poetam
572 1810 615 1851 in
653 1814 876 1863 angustum
921 1811 1016 1866 cogi
1048 1812 1116 1854 lex
1147 1814 1288 1865 operis
1318 1814 1447 1856 iubet.
1508 1815 1557 1859 Id
1588 1817 1727 1869 ipsum

218 1883 304 1925 iam
333 1882 511 1925 multum
541 1885 628 1933 est,
672 1882 709 1924 si
740 1886 869 1935 poeta
899 1895 981 1925 uno
1012 1882 1141 1927 verbo
1172 1886 1413 1939 praeceptis
1444 1885 1728 1944 obtemperat,

220 1968 344 2009 quem
374 1968 456 1997 non
486 1955 664 1997 invitum
694 1954 991 2009 obtemperare
1025 1957 1250 2000 constabit.
1283 1984 1339 1988 —-

334 2027 580 2070 Orationem
625 2026 908 2083 ἀφροιμίαστον
954 2028 1089 2072 habes
1129 2030 1170 2071 in
1219 2030 1455 2074 Troadibus
1496 2034 1727 2090 (969—70,

219 2101 341 2143 Dion.
374 2101 470 2154 Lys.
503 2113 543 2154 p.
579 2103 644 2154 19,
676 2102 747 2143 Ar.
769 2101 848 2144 Rh.
881 2105 919 2153 3,
954 2106 1019 2155 14,
1052 2102 1108 2157 6).
1168 2102 1349 2146 Unicum
1379 2108 1445 2147 est
1469 2107 1728 2160 exemplum:

219 2172 397 2216 Hecuba
429 2173 578 2216 statim
601 2186 626 2216 a
657 2172 917 2217 refutatione
948 2174 1109 2228 incipit,
1143 2174 1218 2217 sed
1249 2187 1330 2229 non
1361 2177 1452 2220 sine
1482 2180 1729 2232 partitione.

221 2246 391 2290 Addere
423 2259 506 2289 non
537 2246 639 2289 licet
669 2246 807 2289 locum
851 2259 901 2288 ex
935 2246 1205 2300 Supplicibus
1239 2250 1381 2304 (409):
1423 2251 1536 2294 inter
1566 2265 1612 2296 se
1645 2255 1730 2297 col-

220 2319 472 2389 loqpuntur3
503 2318 547 2360 in
562 2318 763 2371 proximis
793 2319 875 2359 iam
908 2319 1126 2361 exordium
1156 2319 1290 2362 habes
1323 2321 1394 2374 (cs.
1414 2322 1485 2365 Or.
1508 2328 1615 2366 1177
1631 2330 1729 2382 sq.).

220 2391 269 2434 In
301 2403 437 2447 genus
453 2389 711 2433 rhetoricum
727 2390 796 2431 vix
817 2390 934 2432 cadit
960 2391 1096 2433 oratio
1115 2392 1269 2434 eximia
1293 2393 1472 2437 Medeae
1492 2380 1734 2455 (1'02'1sq.).

220 2464 294 2506 Bis
324 2460 469 2518 λέγοιμ’
508 2460 552 2503 ἄν
584 2461 674 2504 vice
706 2462 911 2515 prooemii
942 2461 1131 2516 fungitur
1160 2464 1281 2518 (Hec.
1301 2470 1422 2521 1132,
1449 2467 1592 2522 Suppl.
1617 2472 1735 2525 465).

336 2536 423 2579 Nec
456 2548 506 2578 ea
546 2539 689 2577 tamen
728 2535 943 2588 prothesis
983 2535 1181 2596 inornata
1226 2542 1304 2581 est.
1364 2540 1498 2585 Immo
1540 2542 1735 2588 omnibus

220 2609 361 2653 modis
393 2609 540 2652 studet
569 2611 696 2662 poeta
726 2608 883 2651 nudam
903 2609 1071 2652 variare
1101 2613 1464 2665 propositionem:
1498 2628 1628 2671 saepe
1659 2617 1735 2661 ab·

221 2694 315 2725 esse
356 2682 496 2734 dicas;
542 2681 648 2724 adeo
695 2680 847 2723 faciem
888 2685 1038 2724 mutat.
1112 2682 1176 2726 Ab
1216 2684 1337 2728 initio
1381 2688 1597 2740 prothesis
1640 2703 1735 2734 cum

220 2755 452 2809 partitione
498 2755 636 2798 rarior
679 2758 757 2797 est.
820 2754 912 2796 Duo
956 2756 1149 2810 exempla
1195 2761 1366 2802 exstant
1405 2760 1449 2802 in
1493 2762 1735 2806 Heraclidis

223 2827 441 2887 (134—53
477 2826 678 2884 236—7).
739 2827 875 2881 Saepe
922 2841 998 2883 pro
1029 2830 1222 2884 prothesi
1253 2835 1341 2877 stat
1373 2845 1453 2878 vox
1483 2836 1736 2883 universalis
