1910 3154
942 61 992 100 17

218 175 279 221 sic
310 175 482 233 quidem
512 175 652 219 omnia
682 175 841 231 optime
872 175 1131 230 procedunt,
1172 175 1208 218 si
1250 174 1419 229 quidem
1461 173 1603 218 omnia
1633 176 1734 217 sunt

218 262 335 294 sana.
395 250 488 292 Dea
518 249 612 303 ipsa
643 249 854 303 epilogum
882 249 1046 292 indicat
1075 248 1220 304 (707),
1261 252 1305 291 et
1336 252 1512 292 excusat
1542 260 1587 291 se
1619 245 1732 301 quod

217 320 261 363 in
301 320 512 375 loquendo
552 320 757 374 prolixior
797 319 939 364 fuerit.
1001 320 1095 363 Non
1139 320 1356 374 conciliat,
1399 322 1543 362 monet
1585 322 1730 362 tamen

218 393 379 437 iudices
418 396 466 436 ut
508 391 636 436 fidem
664 392 866 449 religiose
896 396 1078 436 servent.
1141 392 1366 436 Oratorica
1395 392 1532 436 utitur
1562 391 1732 435 conclu-

218 465 357 509 sione:
391 462 542 521 εἴρηται
571 466 687 520 λόγος
718 464 788 520 (cf.
819 465 963 520 infra).
1662 462 1667 467 ⁸

175 597 177 599 Ι
332 539 587 594 Aeschylum
626 537 761 595 igitur
799 538 1057 582 rhetoricam
1086 549 1164 580 nec
1194 537 1360 580 nescire
1391 549 1468 580 nec
1500 537 1731 593 neglegere

218 610 492 655 manifestum
522 614 601 655 est.

332 684 573 728 Redeamus
605 683 660 727 ad
691 684 929 727 orationem
958 684 1001 726 in
1032 684 1349 738 Agamemnone
1381 681 1632 738 (551—82).

332 757 453 800 Hanc
482 757 573 799 fere
603 756 925 810 dispositionem
956 756 1092 799 oratio
1124 754 1267 798 habet.
1330 756 1565 799 Prooem.
1589 758 1730 798 551—-

219 832 258 871 4.
317 828 469 872 Narr.
503 832 714 872 555—-66,
775 828 1156 872 Prob.567—79.
1217 828 1358 881 Epil.
1384 831 1566 871 580—2.
1628 828 1730 871 Pro-

217 900 415 955 oemiuQ
437 901 584 943 statim
624 914 650 943 a
691 901 784 943 sola
823 900 1015 954 prothesi
1044 900 1214 953 incipit,
1258 899 1471 942 clauditur
1502 901 1731 943 sententia.

217 969 421 1015 Narratio
463 975 530 1015 est
572 971 751 1025 simplex
781 971 933 1026 (Anax.
968 974 1019 1014 32
1063 971 1239 1013 tertium
1270 971 1435 1026 genus).
1496 970 1601 1014 Inde
1632 983 1729 1024 pro-

219 1042 360 1096 batio,
411 1044 529 1087 cuius
573 1047 832 1097 argumenta·
864 1056 887 1086 e
933 1044 1038 1086 locis
1080 1042 1370 1086 communibus
1412 1044 1729 1096 depromuntur.

216 1115 274 1158 Et
304 1115 466 1169 primus
496 1115 665 1170 quidem
707 1116 825 1158 locus
866 1115 1002 1158 oritur
1041 1128 1091 1157 ex
1125 1115 1324 1158 Utilitate
1355 1119 1398 1157 et
1427 1127 1505 1169 per
1535 1116 1731 1171 negatio-

216 1197 313 1229 nem
342 1183 390 1229 fit
419 1185 687 1241 enthymema
718 1197 770 1229 ex
798 1184 1084 1239 pugnantibus
1116 1185 1267 1240 (Anax.
1306 1185 1400 1240 11):
1433 1185 1587 1228 deinde
1617 1185 1731 1228 idem

216 1257 392 1302 effertur
422 1258 596 1302 aiendo:
628 1257 903 1310 (567—571;
946 1258 1149 1313 572—4).
1210 1259 1460 1302 Extremum
1500 1263 1568 1302 est
1607 1271 1732 1313 argu-

217 1334 404 1376 mentum
436 1330 513 1374 ἀπὸ
544 1333 613 1373 τοῦ
643 1331 813 1384 εἰκότος,
844 1332 913 1375 vix
942 1331 1087 1375 tamen
1118 1329 1342 1375 artificiale
1373 1331 1479 1374 illud
1511 1331 1622 1386 quod
1654 1330 1732 1374 Co-

216 1416 295 1447 rax
339 1404 563 1459 Tisiasque
605 1405 910 1459 expoliverunt.
981 1405 1190 1460 Epilogus
1232 1409 1298 1447 est
1337 1404 1591 1448 brevissima
1631 1418 1733 1448 enu-

216 1476 397 1520 meratio
428 1476 608 1533 (τοιαῦτα
637 1475 844 1532 κλύοντας)
877 1489 972 1521 cum
988 1477 1240 1520 monitione:
1273 1477 1318 1519 id
1349 1477 1462 1531 quod
1482 1478 1733 1531 saepissime

219 1548 334 1601 apud
352 1548 601 1603 Euripidem
631 1553 874 1604 usurpatur.
906 1549 1111 1592 Extrema
1142 1549 1356 1592 conclusio
1388 1553 1559 1592 constat
1585 1562 1636 1592 ex
1667 1562 1735 1592 so-

222 1620 339 1662 lenni
369 1619 596 1664 verborum
615 1620 797 1664 formula
828 1619 956 1676 (πάντ’
981 1619 1086 1677 ἔχεις
1103 1619 1253 1676 λόγον),
1285 1622 1433 1675 quales
1463 1633 1592 1675 saepe
1624 1620 1737 1674 apud

220 1695 415 1737 oratores
436 1696 480 1737 et
503 1693 755 1748 Euripidem
769 1694 928 1737 multae
951 1697 1051 1737 sunt
1078 1692 1227 1736 obviae
1255 1691 1345 1748 (Ar.
1363 1693 1442 1736 Rh.
1464 1696 1501 1747 3,
1538 1696 1588 1736 19
1609 1692 1734 1749 extr.)

334 1765 455 1816 Quod
487 1766 541 1809 ad
586 1766 909 1820 dispositionem
948 1766 1137 1820 pertinet
1168 1766 1406 1809 orationem
1436 1766 1570 1810 habes
1602 1767 1735 1810 omni-

218 1836 298 1881 bus
327 1839 515 1882 numeris
546 1837 811 1882 absolutam:
850 1839 926 1882 sed
958 1851 1083 1893 quam
1113 1838 1228 1882 nuda
1259 1842 1303 1881 et
1331 1839 1531 1883 inornata
1571 1839 1733 1893 simpli-

220 1910 366 1954 citate.
427 1911 547 1954 Idem
577 1911 696 1955 dicas
727 1911 780 1954 de
812 1911 1005 1955 oratione
1042 1915 1150 1954 1412
1185 1924 1245 1966 sq.
1280 1936 1338 1943 —

332 1981 570 2025 Prooem.
606 1984 815 2025 1412—4.
876 1981 1033 2025 Narr.
1070 1985 1354 2025 1415-1418
1402 1982 1553 2037 (Anax.
1596 1985 1663 2037 32,
1700 1986 1736 2037 1,

218 2054 401 2108 primum
432 2054 594 2110 genus).
655 2052 813 2097 Prob.
859 2056 1098 2097 1419—21.
1173 2054 1479 2108 Argumentum
1522 2067 1651 2098 unum
1682 2079 1736 2085 —

216 2128 425 2183 τεκμήριον
442 2127 714 2170 Anaximenis
746 2128 800 2182 (c.
823 2130 874 2169 10
905 2128 930 2182 ἡ
962 2128 1097 2182 πρᾶξις
1128 2126 1283 2168 ἐναντία
1313 2130 1369 2183 τῷ
1400 2128 1537 2183 λόγῳ).
1600 2128 1734 2182 Epil.

220 2200 415 2242 1421—5
447 2211 524 2253 pro
556 2198 852 2243 conciliatione
884 2198 1022 2242 minas
1053 2197 1199 2242 habes.
1232 2225 1288 2230 —

332 2272 644 2326 Aristophanes
673 2271 811 2315 tribus
843 2275 886 2315 et
916 2272 1093 2326 triginta
1133 2273 1255 2315 annis
1296 2277 1395 2327 post
1426 2273 1588 2316 editam
1614 2272 1738 2330 Ὀρέ-

218 2359 347 2386 στειαν
379 2344 525 2388 docuit
563 2343 754 2387 fabulam
785 2344 1095 2387 Acharnenses.
1156 2344 1328 2388 Primus
1360 2346 1600 2389 Atticorum
1641 2359 1738 2389 ora-

216 2420 359 2460 torum
390 2417 558 2460 exstitit
589 2417 816 2471 Antiphon,
859 2417 930 2471 qui
971 2420 1114 2460 tamen
1155 2417 1287 2460 etiam
1317 2419 1534 2462 recentior
1565 2424 1632 2463 est
1661 2420 1737 2463 ha-

217 2488 381 2532 bendus
412 2490 546 2544 (circa
586 2492 693 2543 420,
724 2489 848 2532 Blass
881 2490 927 2532 A.
960 2489 1006 2531 B.
1045 2493 1080 2543 1,
1115 2489 1201 2544 80).
1263 2490 1328 2533 De
1370 2491 1626 2545 Tetralogiis
1666 2504 1737 2535 res

216 2560 348 2605 dubia
378 2565 458 2605 est.
520 2561 600 2605 Hic
634 2561 737 2605 licet
767 2561 1005 2616 exemplum
1044 2561 1170 2604 breve
1203 2575 1445 2619 apponere,
1477 2564 1590 2618 quod
1622 2565 1737 2607 intra

216 2646 366 2678 versus
410 2634 598 2678 sedecim
635 2646 728 2677 rem
758 2634 983 2690 transigit,
1028 2647 1205 2688 quorum
1252 2636 1452 2690 quaterni
1502 2636 1736 2691 prooemio,

215 2706 478 2760 narrationi,
509 2705 773 2762 probationi,
819 2707 990 2763 epilogo
1020 2706 1269 2752 tribuuntur
1300 2709 1411 2765 (Βα).
1472 2710 1737 2754 Prooemium

217 2780 326 2825 duas
355 2781 596 2825 sententias
627 2780 819 2824 continet
849 2792 959 2834 quae
991 2780 1210 2825 auditores
1251 2781 1304 2825 de
1346 2780 1484 2826 officio
1524 2786 1737 2827 moneant.

1364 2857 1388 2896 2
