<?xml version="1.0" encoding="UTF-8"?>
<!DOCTYPE html PUBLIC "-//W3C//DTD XHTML 1.0 Transitional//EN"
    "http://www.w3.org/TR/xhtml1/DTD/xhtml1-transitional.dtd">
<html xmlns="http://www.w3.org/1999/xhtml" xml:lang="en" lang="en">
 <head>
  <title>
</title>
<meta http-equiv="Content-Type" content="text/html;charset=utf-8" />
  <meta name='ocr-system' content='tesseract 3.04.00' />
  <meta name='ocr-capabilities' content='ocr_page ocr_carea ocr_par ocr_line ocrx_word'/>
</head>
<body>
  <div class='ocr_page' id='page_1' title='image "4627073_0062.png"; bbox 0 0 1910 3154; ppageno 0'>
   <div class='ocr_carea' id='block_1_1' title="bbox 924 87 978 126">
    <p class='ocr_par' dir='ltr' id='par_1_1' title="bbox 924 87 978 126">
     <span class='ocr_line' id='line_1_1' title="bbox 924 87 978 126; baseline -0.019 0"><span class='ocrx_word' id='word_1_1' title='bbox 924 87 978 126; x_wconf 83' lang='lat'>49</span> 
     </span>
    </p>
   </div>
   <div class='ocr_carea' id='block_1_2' title="bbox 200 193 1729 2107">
    <p class='ocr_par' dir='ltr' id='par_1_2' title="bbox 316 193 1721 312">
     <span class='ocr_line' id='line_1_2' title="bbox 316 193 1721 252; baseline -0.007 -9"><span class='ocrx_word' id='word_1_2' title='bbox 316 200 441 244; x_wconf 88' lang='lat' dir='ltr'>Conc.</span> <span class='ocrx_word' id='word_1_3' title='bbox 476 199 527 252; x_wconf 72' lang='grc' dir='ltr'>-Ι-</span> <span class='ocrx_word' id='word_1_4' title='bbox 560 197 707 241; x_wconf 87' lang='lat' dir='ltr'>Proth.</span> <span class='ocrx_word' id='word_1_5' title='bbox 743 200 809 239; x_wconf 88' lang='lat'>50.</span> <span class='ocrx_word' id='word_1_6' title='bbox 843 198 912 239; x_wconf 80' lang='lat'>62.</span> <span class='ocrx_word' id='word_1_7' title='bbox 946 199 1012 238; x_wconf 89' lang='grc'>67.</span> <span class='ocrx_word' id='word_1_8' title='bbox 1045 199 1113 238; x_wconf 87' lang='grc'>89.</span> <span class='ocrx_word' id='word_1_9' title='bbox 1136 197 1202 238; x_wconf 89' lang='grc'>90.</span> <span class='ocrx_word' id='word_1_10' title='bbox 1241 196 1335 237; x_wconf 92' lang='lat'>112.</span> <span class='ocrx_word' id='word_1_11' title='bbox 1363 194 1456 236; x_wconf 94' lang='lat'>121.</span> <span class='ocrx_word' id='word_1_12' title='bbox 1493 194 1586 235; x_wconf 90' lang='grc'><strong>141.</strong></span> <span class='ocrx_word' id='word_1_13' title='bbox 1625 193 1721 233; x_wconf 88' lang='grc'><strong>144.</strong></span> 
     </span>
     <span class='ocr_line' id='line_1_3' title="bbox 718 268 1150 312; baseline -0.005 -1"><span class='ocrx_word' id='word_1_14' title='bbox 718 272 812 312; x_wconf 90' lang='lat'>146.</span> <span class='ocrx_word' id='word_1_15' title='bbox 876 268 1050 312; x_wconf 88' lang='lat' dir='ltr'>Summa</span> <span class='ocrx_word' id='word_1_16' title='bbox 1084 271 1150 310; x_wconf 93' lang='lat'>10.</span> 
     </span>
    </p>

    <p class='ocr_par' dir='ltr' id='par_1_3' title="bbox 313 341 996 396">
     <span class='ocr_line' id='line_1_4' title="bbox 313 341 996 396; baseline -0.004 -10"><span class='ocrx_word' id='word_1_17' title='bbox 313 345 504 386; x_wconf 84' lang='lat' dir='ltr'>Detrect.</span> <span class='ocrx_word' id='word_1_18' title='bbox 538 344 591 396; x_wconf 76' lang='lat'>†</span> <span class='ocrx_word' id='word_1_19' title='bbox 623 341 692 383; x_wconf 91' lang='lat' dir='ltr'>Pr.</span> <span class='ocrx_word' id='word_1_20' title='bbox 725 344 794 382; x_wconf 89' lang='lat'>21.</span> <span class='ocrx_word' id='word_1_21' title='bbox 828 343 894 382; x_wconf 88' lang='lat'>34.</span> <span class='ocrx_word' id='word_1_22' title='bbox 929 344 996 383; x_wconf 88' lang='lat'>77.</span> 
     </span>
    </p>

    <p class='ocr_par' dir='ltr' id='par_1_4' title="bbox 313 407 904 467">
     <span class='ocr_line' id='line_1_5' title="bbox 313 407 904 467; baseline -0.003 -10"><span class='ocrx_word' id='word_1_23' title='bbox 313 415 434 457; x_wconf 91' lang='lat' dir='ltr'>Detr.</span> <span class='ocrx_word' id='word_1_24' title='bbox 468 407 527 467; x_wconf 57' lang='lat'>4&#39;</span> <span class='ocrx_word' id='word_1_25' title='bbox 553 413 623 455; x_wconf 89' lang='lat' dir='ltr'>Pr.</span> <span class='ocrx_word' id='word_1_26' title='bbox 657 412 710 464; x_wconf 68' lang='grc'>-1-</span> <span class='ocrx_word' id='word_1_27' title='bbox 742 411 830 453; x_wconf 90' lang='lat' dir='ltr'>Att.</span> <span class='ocrx_word' id='word_1_28' title='bbox 864 414 904 455; x_wconf 85' lang='lat'>5.</span> 
     </span>
    </p>

    <p class='ocr_par' dir='ltr' id='par_1_5' title="bbox 315 482 962 538">
     <span class='ocr_line' id='line_1_6' title="bbox 315 482 962 538; baseline -0.008 -10"><span class='ocrx_word' id='word_1_29' title='bbox 315 485 435 528; x_wconf 87' lang='lat' dir='ltr'>Detr.</span> <span class='ocrx_word' id='word_1_30' title='bbox 469 485 522 538; x_wconf 80' lang='grc' dir='ltr'>-Ι-</span> <span class='ocrx_word' id='word_1_31' title='bbox 556 484 644 526; x_wconf 89' lang='lat' dir='ltr'>Att.</span> <span class='ocrx_word' id='word_1_32' title='bbox 678 484 730 536; x_wconf 74' lang='grc' dir='ltr'>-Ι-</span> <span class='ocrx_word' id='word_1_33' title='bbox 760 482 831 524; x_wconf 84' lang='lat' dir='ltr'>Pr.</span> <span class='ocrx_word' id='word_1_34' title='bbox 867 485 962 524; x_wconf 90' lang='lat'>133.</span> 
     </span>
    </p>

    <p class='ocr_par' dir='ltr' id='par_1_6' title="bbox 200 550 1721 750">
     <span class='ocr_line' id='line_1_7' title="bbox 314 550 1720 607; baseline -0.004 -6"><span class='ocrx_word' id='word_1_35' title='bbox 314 557 409 601; x_wconf 89' lang='lat' dir='ltr'>Nisi</span> <span class='ocrx_word' id='word_1_36' title='bbox 440 569 507 599; x_wconf 92' lang='lat' dir='ltr'>me</span> <span class='ocrx_word' id='word_1_37' title='bbox 536 568 607 598; x_wconf 89' lang='lat' dir='ltr'>res</span> <span class='ocrx_word' id='word_1_38' title='bbox 639 554 804 598; x_wconf 90' lang='lat' dir='ltr'>lubrica</span> <span class='ocrx_word' id='word_1_39' title='bbox 835 553 967 605; x_wconf 86' lang='lat' dir='ltr'>fallit,</span> <span class='ocrx_word' id='word_1_40' title='bbox 998 552 1132 596; x_wconf 89' lang='lat' dir='ltr'>habes</span> <span class='ocrx_word' id='word_1_41' title='bbox 1165 556 1339 607; x_wconf 86' lang='lat' dir='ltr'>poetam</span> <span class='ocrx_word' id='word_1_42' title='bbox 1369 553 1494 607; x_wconf 83' lang='lat' dir='ltr'>longe</span> <span class='ocrx_word' id='word_1_43' title='bbox 1524 550 1720 606; x_wconf 86' lang='lat' dir='ltr'>pluribus</span> 
     </span>
     <span class='ocr_line' id='line_1_8' title="bbox 200 623 1721 675; baseline -0.005 -3"><span class='ocrx_word' id='word_1_44' title='bbox 200 630 244 672; x_wconf 91' lang='lat' dir='ltr'>in</span> <span class='ocrx_word' id='word_1_45' title='bbox 260 629 366 672; x_wconf 85' lang='lat' dir='ltr'>locis</span> <span class='ocrx_word' id='word_1_46' title='bbox 384 641 478 671; x_wconf 89' lang='lat' dir='ltr'>cum</span> <span class='ocrx_word' id='word_1_47' title='bbox 507 628 681 669; x_wconf 83' lang='lat' dir='ltr'><strong>rhetore</strong></span> <span class='ocrx_word' id='word_1_48' title='bbox 713 626 1074 675; x_wconf 86' lang='lat' dir='ltr'>consentientem;</span> <span class='ocrx_word' id='word_1_49' title='bbox 1107 625 1308 667; x_wconf 83' lang='lat' dir='ltr'><strong>dissentit</strong></span> <span class='ocrx_word' id='word_1_50' title='bbox 1339 628 1485 666; x_wconf 89' lang='lat' dir='ltr'>tamen</span> <span class='ocrx_word' id='word_1_51' title='bbox 1516 624 1573 665; x_wconf 88' lang='lat' dir='ltr'>ad</span> <span class='ocrx_word' id='word_1_52' title='bbox 1606 623 1721 665; x_wconf 89' lang='lat' dir='ltr'>arbi-</span> 
     </span>
     <span class='ocr_line' id='line_1_9' title="bbox 200 695 1574 750; baseline -0.005 -5"><span class='ocrx_word' id='word_1_53' title='bbox 200 702 328 745; x_wconf 84' lang='lat' dir='ltr'><strong>trium</strong></span> <span class='ocrx_word' id='word_1_54' title='bbox 349 713 483 744; x_wconf 90' lang='lat' dir='ltr'>suum.</span> <span class='ocrx_word' id='word_1_55' title='bbox 545 698 694 742; x_wconf 82' lang='lat' dir='ltr'>Oratio</span> <span class='ocrx_word' id='word_1_56' title='bbox 711 710 796 740; x_wconf 91' lang='lat' dir='ltr'>una</span> <span class='ocrx_word' id='word_1_57' title='bbox 826 700 906 739; x_wconf 88' lang='grc'><strong>124</strong></span> <span class='ocrx_word' id='word_1_58' title='bbox 925 697 1077 739; x_wconf 89' lang='lat' dir='ltr'>melius</span> <span class='ocrx_word' id='word_1_59' title='bbox 1098 709 1174 750; x_wconf 88' lang='lat' dir='ltr'>pro</span> <span class='ocrx_word' id='word_1_60' title='bbox 1201 695 1366 739; x_wconf 87' lang='lat' dir='ltr'>duabus</span> <span class='ocrx_word' id='word_1_61' title='bbox 1397 695 1574 739; x_wconf 82' lang='lat' dir='ltr'><strong>habeas.</strong></span> 
     </span>
    </p>

    <p class='ocr_par' dir='ltr' id='par_1_7' title="bbox 200 767 1723 900">
     <span class='ocr_line' id='line_1_10' title="bbox 316 767 1723 824; baseline -0.004 -9"><span class='ocrx_word' id='word_1_62' title='bbox 316 773 472 816; x_wconf 81' lang='lat' dir='ltr'>Restat</span> <span class='ocrx_word' id='word_1_63' title='bbox 516 774 565 814; x_wconf 88' lang='lat' dir='ltr'>ut</span> <span class='ocrx_word' id='word_1_64' title='bbox 603 783 741 824; x_wconf 87' lang='lat' dir='ltr'>pauca</span> <span class='ocrx_word' id='word_1_65' title='bbox 782 769 975 822; x_wconf 86' lang='lat' dir='ltr'>exempla</span> <span class='ocrx_word' id='word_1_66' title='bbox 1017 780 1253 822; x_wconf 86' lang='lat' dir='ltr'>proponam</span> <span class='ocrx_word' id='word_1_67' title='bbox 1295 780 1405 821; x_wconf 91' lang='lat' dir='ltr'>quae</span> <span class='ocrx_word' id='word_1_68' title='bbox 1443 767 1723 822; x_wconf 82' lang='lat' dir='ltr'>exquisitiora</span> 
     </span>
     <span class='ocr_line' id='line_1_11' title="bbox 200 839 1321 900; baseline -0.008 -11"><span class='ocrx_word' id='word_1_69' title='bbox 200 848 435 900; x_wconf 87' lang='lat' dir='ltr'>praecepta</span> <span class='ocrx_word' id='word_1_70' title='bbox 465 844 705 894; x_wconf 83' lang='lat' dir='ltr'>illustrent3</span> <span class='ocrx_word' id='word_1_71' title='bbox 738 842 963 884; x_wconf 86' lang='lat' dir='ltr'>exhaurire</span> <span class='ocrx_word' id='word_1_72' title='bbox 1004 840 1147 883; x_wconf 87' lang='lat' dir='ltr'>omnia</span> <span class='ocrx_word' id='word_1_73' title='bbox 1177 839 1321 881; x_wconf 88' lang='lat' dir='ltr'>nolim.</span> 
     </span>
    </p>

    <p class='ocr_par' dir='ltr' id='par_1_8' title="bbox 318 912 1280 959">
     <span class='ocr_line' id='line_1_12' title="bbox 318 912 1280 959; baseline -0.007 0"><span class='ocrx_word' id='word_1_74' title='bbox 318 916 489 959; x_wconf 88' lang='lat' dir='ltr'>Laudat</span> <span class='ocrx_word' id='word_1_75' title='bbox 520 915 739 957; x_wconf 86' lang='lat' dir='ltr'>auditores</span> <span class='ocrx_word' id='word_1_76' title='bbox 770 914 802 956; x_wconf 97' lang='grc' dir='ltr'>Ι.</span> <span class='ocrx_word' id='word_1_77' title='bbox 835 914 884 955; x_wconf 93' lang='lat' dir='ltr'>A.</span> <span class='ocrx_word' id='word_1_78' title='bbox 918 916 1014 955; x_wconf 86' lang='lat'>977.</span> <span class='ocrx_word' id='word_1_79' title='bbox 1049 912 1120 955; x_wconf 90' lang='lat' dir='ltr'>Or.</span> <span class='ocrx_word' id='word_1_80' title='bbox 1157 915 1280 953; x_wconf 89' lang='lat'>1161.</span> 
     </span>
    </p>

    <p class='ocr_par' dir='ltr' id='par_1_9' title="bbox 317 975 1722 1040">
     <span class='ocr_line' id='line_1_13' title="bbox 317 975 1722 1040; baseline -0.004 -10"><span class='ocrx_word' id='word_1_81' title='bbox 317 975 539 1030; x_wconf 64' lang='lat' dir='ltr'>Pr&#39;othesis</span> <span class='ocrx_word' id='word_1_82' title='bbox 553 989 620 1028; x_wconf 81' lang='lat' dir='ltr'>est</span> <span class='ocrx_word' id='word_1_83' title='bbox 633 985 812 1040; x_wconf 73' lang='grc' dir='ltr'>μεθόριον</span> <span class='ocrx_word' id='word_1_84' title='bbox 828 984 1008 1027; x_wconf 64' lang='lat'>012687.</span> <span class='ocrx_word' id='word_1_85' title='bbox 1064 983 1221 1024; x_wconf 81' lang='lat' dir='ltr'>Phoen.</span> <span class='ocrx_word' id='word_1_86' title='bbox 1239 985 1335 1024; x_wconf 89' lang='lat'>531.</span> <span class='ocrx_word' id='word_1_87' title='bbox 1367 982 1722 1035; x_wconf 81' lang='lat' dir='ltr'>Supp.168‚219.</span> 
     </span>
    </p>

    <p class='ocr_par' dir='ltr' id='par_1_10' title="bbox 314 1054 1348 1104">
     <span class='ocr_line' id='line_1_14' title="bbox 314 1054 1348 1104; baseline -0.005 -4"><span class='ocrx_word' id='word_1_88' title='bbox 314 1057 585 1104; x_wconf 79' lang='grc' dir='ltr'>Ἐλάττωσεις</span> <span class='ocrx_word' id='word_1_89' title='bbox 615 1056 762 1100; x_wconf 87' lang='lat' dir='ltr'>habes.</span> <span class='ocrx_word' id='word_1_90' title='bbox 825 1055 897 1098; x_wconf 90' lang='lat' dir='ltr'>Or.</span> <span class='ocrx_word' id='word_1_91' title='bbox 931 1059 1026 1097; x_wconf 85' lang='lat'>544.</span> <span class='ocrx_word' id='word_1_92' title='bbox 1089 1054 1218 1096; x_wconf 91' lang='lat' dir='ltr'>Andr.</span> <span class='ocrx_word' id='word_1_93' title='bbox 1254 1057 1348 1096; x_wconf 87' lang='lat'>186.</span> 
     </span>
    </p>

    <p class='ocr_par' dir='ltr' id='par_1_11' title="bbox 204 1122 1726 1459">
     <span class='ocr_line' id='line_1_15' title="bbox 319 1122 1723 1180; baseline -0.004 -10"><span class='ocrx_word' id='word_1_94' title='bbox 319 1128 486 1170; x_wconf 89' lang='lat' dir='ltr'>Passim</span> <span class='ocrx_word' id='word_1_95' title='bbox 536 1125 670 1169; x_wconf 89' lang='lat' dir='ltr'>habes</span> <span class='ocrx_word' id='word_1_96' title='bbox 711 1125 901 1180; x_wconf 77' lang='grc' dir='ltr'>διαβολῆς</span> <span class='ocrx_word' id='word_1_97' title='bbox 943 1122 1074 1174; x_wconf 76' lang='grc' dir='ltr'>λύσιν,</span> <span class='ocrx_word' id='word_1_98' title='bbox 1119 1123 1239 1165; x_wconf 88' lang='lat' dir='ltr'>cuius</span> <span class='ocrx_word' id='word_1_99' title='bbox 1282 1135 1444 1177; x_wconf 86' lang='lat' dir='ltr'>genera</span> <span class='ocrx_word' id='word_1_100' title='bbox 1493 1123 1723 1165; x_wconf 87' lang='lat' dir='ltr'>secundum</span> 
     </span>
     <span class='ocr_line' id='line_1_16' title="bbox 204 1192 1724 1252; baseline -0.005 -9"><span class='ocrx_word' id='word_1_101' title='bbox 204 1200 508 1244; x_wconf 81' lang='lat' dir='ltr'>Anaximenem</span> <span class='ocrx_word' id='word_1_102' title='bbox 540 1201 663 1249; x_wconf 80' lang='lat' dir='ltr'>sunt,</span> <span class='ocrx_word' id='word_1_103' title='bbox 715 1202 749 1239; x_wconf 92' lang='lat'>1.</span> <span class='ocrx_word' id='word_1_104' title='bbox 783 1194 870 1252; x_wconf 84' lang='grc' dir='ltr'>περὶ</span> <span class='ocrx_word' id='word_1_105' title='bbox 910 1193 973 1236; x_wconf 78' lang='grc' dir='ltr'>τὸν</span> <span class='ocrx_word' id='word_1_106' title='bbox 1007 1193 1236 1250; x_wconf 77' lang='grc' dir='ltr'>ἄνθρωπον,</span> <span class='ocrx_word' id='word_1_107' title='bbox 1285 1197 1322 1236; x_wconf 94' lang='grc'>2.</span> <span class='ocrx_word' id='word_1_108' title='bbox 1355 1192 1442 1250; x_wconf 79' lang='grc' dir='ltr'>περὶ</span> <span class='ocrx_word' id='word_1_109' title='bbox 1472 1192 1515 1235; x_wconf 86' lang='grc' dir='ltr'>τὸ</span> <span class='ocrx_word' id='word_1_110' title='bbox 1546 1197 1724 1250; x_wconf 76' lang='grc' dir='ltr'>πρᾶγμα,</span> 
     </span>
     <span class='ocr_line' id='line_1_17' title="bbox 210 1266 1726 1328; baseline -0.004 -14"><span class='ocrx_word' id='word_1_111' title='bbox 210 1276 246 1315; x_wconf 88' lang='grc'>3.</span> <span class='ocrx_word' id='word_1_112' title='bbox 278 1269 365 1328; x_wconf 84' lang='grc' dir='ltr'>περὶ</span> <span class='ocrx_word' id='word_1_113' title='bbox 395 1269 459 1312; x_wconf 81' lang='grc' dir='ltr'>τὸν</span> <span class='ocrx_word' id='word_1_114' title='bbox 491 1270 621 1324; x_wconf 82' lang='grc' dir='ltr'>λόγον,</span> <span class='ocrx_word' id='word_1_115' title='bbox 656 1273 699 1312; x_wconf 92' lang='lat' dir='ltr'>et</span> <span class='ocrx_word' id='word_1_116' title='bbox 729 1268 900 1323; x_wconf 91' lang='lat' dir='ltr'>quidem</span> <span class='ocrx_word' id='word_1_117' title='bbox 931 1268 984 1310; x_wconf 88' lang='lat' dir='ltr'>de</span> <span class='ocrx_word' id='word_1_118' title='bbox 1013 1280 1060 1309; x_wconf 92' lang='lat' dir='ltr'>re</span> <span class='ocrx_word' id='word_1_119' title='bbox 1082 1267 1303 1320; x_wconf 90' lang='lat' dir='ltr'>praesenti</span> <span class='ocrx_word' id='word_1_120' title='bbox 1334 1267 1396 1321; x_wconf 84' lang='grc' dir='ltr'>(ἐκ</span> <span class='ocrx_word' id='word_1_121' title='bbox 1417 1270 1485 1308; x_wconf 84' lang='grc' dir='ltr'>τοῦ</span> <span class='ocrx_word' id='word_1_122' title='bbox 1516 1266 1726 1323; x_wconf 80' lang='grc' dir='ltr'>πάροντος)</span> 
     </span>
     <span class='ocr_line' id='line_1_18' title="bbox 206 1339 1721 1396; baseline -0.002 -10"><span class='ocrx_word' id='word_1_123' title='bbox 206 1348 280 1387; x_wconf 85' lang='lat' dir='ltr'>aut</span> <span class='ocrx_word' id='word_1_124' title='bbox 329 1345 382 1386; x_wconf 81' lang='lat' dir='ltr'>de</span> <span class='ocrx_word' id='word_1_125' title='bbox 422 1357 470 1385; x_wconf 83' lang='lat' dir='ltr'>re</span> <span class='ocrx_word' id='word_1_126' title='bbox 510 1342 749 1396; x_wconf 80' lang='lat' dir='ltr'>praeterita</span> <span class='ocrx_word' id='word_1_127' title='bbox 792 1341 855 1394; x_wconf 80' lang='grc' dir='ltr'>(ἐκ</span> <span class='ocrx_word' id='word_1_128' title='bbox 895 1342 964 1380; x_wconf 76' lang='grc' dir='ltr'>τοῦ</span> <span class='ocrx_word' id='word_1_129' title='bbox 1005 1339 1298 1395; x_wconf 81' lang='grc' dir='ltr'>παροιχομένου</span> <span class='ocrx_word' id='word_1_130' title='bbox 1343 1340 1508 1395; x_wconf 79' lang='grc' dir='ltr'>χρόνου)</span> <span class='ocrx_word' id='word_1_131' title='bbox 1549 1340 1603 1383; x_wconf 83' lang='lat' dir='ltr'>cf.</span> <span class='ocrx_word' id='word_1_132' title='bbox 1646 1339 1721 1383; x_wconf 89' lang='lat' dir='ltr'>An.</span> 
     </span>
     <span class='ocr_line' id='line_1_19' title="bbox 206 1418 470 1459; baseline -0.019 0"><span class='ocrx_word' id='word_1_133' title='bbox 206 1428 266 1459; x_wconf 90' lang='lat' dir='ltr'>cc.</span> <span class='ocrx_word' id='word_1_134' title='bbox 301 1419 368 1458; x_wconf 91' lang='lat'>30.</span> <span class='ocrx_word' id='word_1_135' title='bbox 404 1418 470 1456; x_wconf 89' lang='lat'>37.</span> 
     </span>
    </p>

    <p class='ocr_par' dir='ltr' id='par_1_12' title="bbox 206 1480 1726 1683">
     <span class='ocr_line' id='line_1_20' title="bbox 321 1480 1725 1538; baseline -0.001 -13"><span class='ocrx_word' id='word_1_136' title='bbox 321 1483 454 1526; x_wconf 90' lang='lat' dir='ltr'>Primi</span> <span class='ocrx_word' id='word_1_137' title='bbox 485 1482 657 1538; x_wconf 86' lang='lat' dir='ltr'>generis</span> <span class='ocrx_word' id='word_1_138' title='bbox 690 1481 883 1534; x_wconf 88' lang='lat' dir='ltr'>exempla</span> <span class='ocrx_word' id='word_1_139' title='bbox 915 1484 1037 1524; x_wconf 87' lang='lat' dir='ltr'>sunt:</span> <span class='ocrx_word' id='word_1_140' title='bbox 1067 1480 1226 1523; x_wconf 90' lang='lat' dir='ltr'>Phoen.</span> <span class='ocrx_word' id='word_1_141' title='bbox 1252 1484 1334 1524; x_wconf 84' lang='lat'>528</span> <span class='ocrx_word' id='word_1_142' title='bbox 1366 1481 1409 1521; x_wconf 85' lang='grc' dir='ltr'>ἐκ</span> <span class='ocrx_word' id='word_1_143' title='bbox 1435 1484 1505 1522; x_wconf 79' lang='grc' dir='ltr'>τοῦ</span> <span class='ocrx_word' id='word_1_144' title='bbox 1535 1480 1725 1537; x_wconf 81' lang='grc' dir='ltr'>πάροντος</span> 
     </span>
     <span class='ocr_line' id='line_1_21' title="bbox 208 1551 1726 1611; baseline -0.003 -13"><span class='ocrx_word' id='word_1_145' title='bbox 208 1555 279 1611; x_wconf 83' lang='lat' dir='ltr'>(cf.</span> <span class='ocrx_word' id='word_1_146' title='bbox 326 1556 457 1597; x_wconf 85' lang='lat' dir='ltr'>Anax.</span> <span class='ocrx_word' id='word_1_147' title='bbox 502 1557 577 1605; x_wconf 87' lang='lat'>30,</span> <span class='ocrx_word' id='word_1_148' title='bbox 613 1557 688 1607; x_wconf 88' lang='lat'>14,</span> <span class='ocrx_word' id='word_1_149' title='bbox 723 1557 772 1595; x_wconf 88' lang='grc'><strong>17</strong></span> <span class='ocrx_word' id='word_1_150' title='bbox 819 1552 863 1592; x_wconf 79' lang='grc' dir='ltr'>ἐκ</span> <span class='ocrx_word' id='word_1_151' title='bbox 905 1556 975 1607; x_wconf 83' lang='grc' dir='ltr'>τῆς</span> <span class='ocrx_word' id='word_1_152' title='bbox 1015 1551 1250 1606; x_wconf 83' lang='grc' dir='ltr'><strong>ἐμπειρίας).</strong></span> <span class='ocrx_word' id='word_1_153' title='bbox 1311 1552 1424 1594; x_wconf 85' lang='lat' dir='ltr'>Med.</span> <span class='ocrx_word' id='word_1_154' title='bbox 1460 1556 1541 1595; x_wconf 85' lang='lat'>292</span> <span class='ocrx_word' id='word_1_155' title='bbox 1582 1554 1627 1594; x_wconf 82' lang='grc' dir='ltr'>ἐκ</span> <span class='ocrx_word' id='word_1_156' title='bbox 1657 1556 1726 1595; x_wconf 82' lang='grc' dir='ltr'>τοῦ</span> 
     </span>
     <span class='ocr_line' id='line_1_22' title="bbox 206 1624 1059 1683; baseline -0.005 -14"><span class='ocrx_word' id='word_1_157' title='bbox 206 1627 498 1683; x_wconf 79' lang='grc' dir='ltr'>παροιχομένου</span> <span class='ocrx_word' id='word_1_158' title='bbox 530 1625 603 1682; x_wconf 87' lang='lat' dir='ltr'>(cf.</span> <span class='ocrx_word' id='word_1_159' title='bbox 636 1626 768 1667; x_wconf 84' lang='lat' dir='ltr'>Anax.</span> <span class='ocrx_word' id='word_1_160' title='bbox 803 1638 837 1667; x_wconf 87' lang='lat' dir='ltr'>c.</span> <span class='ocrx_word' id='word_1_161' title='bbox 872 1627 939 1676; x_wconf 89' lang='lat'>30,</span> <span class='ocrx_word' id='word_1_162' title='bbox 978 1624 1059 1678; x_wconf 88' lang='lat'>12).</span> 
     </span>
    </p>

    <p class='ocr_par' dir='ltr' id='par_1_13' title="bbox 204 1693 1729 1894">
     <span class='ocr_line' id='line_1_23' title="bbox 323 1693 1725 1751; baseline -0.001 -10"><span class='ocrx_word' id='word_1_163' title='bbox 323 1698 506 1742; x_wconf 84' lang='lat' dir='ltr'>Secundi</span> <span class='ocrx_word' id='word_1_164' title='bbox 537 1696 720 1751; x_wconf 87' lang='lat' dir='ltr'>generis.</span> <span class='ocrx_word' id='word_1_165' title='bbox 784 1695 896 1737; x_wconf 91' lang='lat' dir='ltr'>Med.</span> <span class='ocrx_word' id='word_1_166' title='bbox 932 1698 1014 1736; x_wconf 85' lang='lat'>214</span> <span class='ocrx_word' id='word_1_167' title='bbox 1046 1695 1090 1735; x_wconf 78' lang='grc' dir='ltr'>ἐκ</span> <span class='ocrx_word' id='word_1_168' title='bbox 1120 1697 1189 1735; x_wconf 79' lang='grc' dir='ltr'>τοῦ</span> <span class='ocrx_word' id='word_1_169' title='bbox 1221 1693 1412 1750; x_wconf 80' lang='grc' dir='ltr'>πάροντος</span> <span class='ocrx_word' id='word_1_170' title='bbox 1443 1697 1540 1750; x_wconf 89' lang='lat' dir='ltr'>(An.</span> <span class='ocrx_word' id='word_1_171' title='bbox 1561 1701 1628 1749; x_wconf 91' lang='lat'>30,</span> <span class='ocrx_word' id='word_1_172' title='bbox 1661 1700 1725 1740; x_wconf 91' lang='lat'>12.</span> 
     </span>
     <span class='ocr_line' id='line_1_24' title="bbox 204 1761 1729 1824; baseline 0 -10"><span class='ocrx_word' id='word_1_173' title='bbox 204 1761 280 1815; x_wconf 75' lang='grc' dir='ltr'>ᾺΥ.</span> <span class='ocrx_word' id='word_1_174' title='bbox 311 1772 390 1813; x_wconf 85' lang='lat' dir='ltr'>Rh.</span> <span class='ocrx_word' id='word_1_175' title='bbox 424 1774 464 1824; x_wconf 86' lang='lat'>3,</span> <span class='ocrx_word' id='word_1_176' title='bbox 499 1773 564 1820; x_wconf 85' lang='lat'>15,</span> <span class='ocrx_word' id='word_1_177' title='bbox 597 1770 654 1822; x_wconf 78' lang='lat'>9).</span> <span class='ocrx_word' id='word_1_178' title='bbox 716 1767 827 1821; x_wconf 84' lang='lat' dir='ltr'>Cycl.</span> <span class='ocrx_word' id='word_1_179' title='bbox 863 1771 943 1810; x_wconf 86' lang='lat'>285</span> <span class='ocrx_word' id='word_1_180' title='bbox 973 1768 1017 1808; x_wconf 82' lang='grc' dir='ltr'>ἐκ</span> <span class='ocrx_word' id='word_1_181' title='bbox 1047 1770 1116 1808; x_wconf 81' lang='grc' dir='ltr'>τοῦ</span> <span class='ocrx_word' id='word_1_182' title='bbox 1140 1767 1434 1824; x_wconf 81' lang='grc' dir='ltr'>παροιχομένου</span> <span class='ocrx_word' id='word_1_183' title='bbox 1466 1770 1563 1824; x_wconf 88' lang='lat' dir='ltr'>(An.</span> <span class='ocrx_word' id='word_1_184' title='bbox 1578 1773 1729 1824; x_wconf 89' lang='lat'>30,19.</span> 
     </span>
     <span class='ocr_line' id='line_1_25' title="bbox 207 1841 546 1894; baseline -0.009 -9"><span class='ocrx_word' id='word_1_185' title='bbox 207 1844 279 1886; x_wconf 85' lang='lat' dir='ltr'>Ar.</span> <span class='ocrx_word' id='word_1_186' title='bbox 315 1845 352 1892; x_wconf 77' lang='lat'>3,</span> <span class='ocrx_word' id='word_1_187' title='bbox 389 1844 455 1893; x_wconf 85' lang='lat'>15,</span> <span class='ocrx_word' id='word_1_188' title='bbox 488 1841 546 1894; x_wconf 95' lang='lat'>3).</span> 
     </span>
    </p>

    <p class='ocr_par' dir='ltr' id='par_1_14' title="bbox 208 1909 1727 2028">
     <span class='ocr_line' id='line_1_26' title="bbox 325 1909 1727 1968; baseline 0.001 -14"><span class='ocrx_word' id='word_1_189' title='bbox 325 1913 462 1955; x_wconf 91' lang='lat' dir='ltr'>Tertii</span> <span class='ocrx_word' id='word_1_190' title='bbox 492 1911 690 1965; x_wconf 88' lang='lat' dir='ltr'>generis:</span> <span class='ocrx_word' id='word_1_191' title='bbox 723 1910 853 1953; x_wconf 91' lang='lat' dir='ltr'>Orest</span> <span class='ocrx_word' id='word_1_192' title='bbox 894 1914 977 1951; x_wconf 88' lang='lat'>640</span> <span class='ocrx_word' id='word_1_193' title='bbox 1014 1910 1058 1950; x_wconf 80' lang='grc' dir='ltr'>ἐκ</span> <span class='ocrx_word' id='word_1_194' title='bbox 1088 1913 1157 1951; x_wconf 80' lang='grc' dir='ltr'>τοῦ</span> <span class='ocrx_word' id='word_1_195' title='bbox 1188 1909 1378 1965; x_wconf 83' lang='grc' dir='ltr'>πάροντος</span> <span class='ocrx_word' id='word_1_196' title='bbox 1410 1913 1506 1968; x_wconf 91' lang='lat' dir='ltr'>(An.</span> <span class='ocrx_word' id='word_1_197' title='bbox 1540 1916 1607 1967; x_wconf 88' lang='lat'>30,</span> <span class='ocrx_word' id='word_1_198' title='bbox 1641 1914 1727 1968; x_wconf 89' lang='lat'>20).</span> 
     </span>
     <span class='ocr_line' id='line_1_27' title="bbox 208 1984 728 2028; baseline -0.006 -1"><span class='ocrx_word' id='word_1_199' title='bbox 208 1985 272 2028; x_wconf 91' lang='lat' dir='ltr'>El.</span> <span class='ocrx_word' id='word_1_200' title='bbox 309 1988 404 2027; x_wconf 89' lang='lat'>300.</span> <span class='ocrx_word' id='word_1_201' title='bbox 466 1984 520 2026; x_wconf 92' lang='lat' dir='ltr'>H.</span> <span class='ocrx_word' id='word_1_202' title='bbox 550 1984 598 2025; x_wconf 89' lang='lat' dir='ltr'>F.</span> <span class='ocrx_word' id='word_1_203' title='bbox 634 1986 728 2025; x_wconf 88' lang='lat'>141.</span> 
     </span>
    </p>

    <p class='ocr_par' dir='ltr' id='par_1_15' title="bbox 325 2054 1680 2107">
     <span class='ocr_line' id='line_1_28' title="bbox 325 2054 1680 2107; baseline 0.001 -9"><span class='ocrx_word' id='word_1_204' title='bbox 325 2056 645 2099; x_wconf 83' lang='lat' dir='ltr'>Sententiarum</span> <span class='ocrx_word' id='word_1_205' title='bbox 676 2054 870 2107; x_wconf 86' lang='lat' dir='ltr'>exempla</span> <span class='ocrx_word' id='word_1_206' title='bbox 898 2054 1093 2107; x_wconf 85' lang='lat' dir='ltr'>proferre</span> <span class='ocrx_word' id='word_1_207' title='bbox 1126 2067 1416 2107; x_wconf 88' lang='lat' dir='ltr'>supervacuus</span> <span class='ocrx_word' id='word_1_208' title='bbox 1448 2060 1515 2099; x_wconf 89' lang='lat' dir='ltr'>est</span> <span class='ocrx_word' id='word_1_209' title='bbox 1546 2056 1680 2100; x_wconf 91' lang='lat' dir='ltr'>labor.</span> 
     </span>
    </p>
   </div>
   <div class='ocr_carea' id='block_1_3' title="bbox 759 2194 1178 2244">
    <p class='ocr_par' dir='ltr' id='par_1_16' title="bbox 759 2194 1178 2244">
     <span class='ocr_line' id='line_1_29' title="bbox 759 2194 1178 2244; baseline 0.007 -3"><span class='ocrx_word' id='word_1_210' title='bbox 759 2194 835 2242; x_wconf 93' lang='lat' dir='ltr'>De</span> <span class='ocrx_word' id='word_1_211' title='bbox 873 2194 1178 2244; x_wconf 87' lang='lat' dir='ltr'>Narratione.</span> 
     </span>
    </p>
   </div>
   <div class='ocr_carea' id='block_1_4' title="bbox 211 2291 1740 2849">
    <p class='ocr_par' dir='ltr' id='par_1_17' title="bbox 211 2291 1740 2849">
     <span class='ocr_line' id='line_1_30' title="bbox 325 2291 1731 2347; baseline 0.001 -13"><span class='ocrx_word' id='word_1_212' title='bbox 325 2291 569 2335; x_wconf 89' lang='lat' dir='ltr'>Proximum</span> <span class='ocrx_word' id='word_1_213' title='bbox 599 2294 666 2334; x_wconf 88' lang='lat' dir='ltr'>est</span> <span class='ocrx_word' id='word_1_214' title='bbox 697 2295 745 2335; x_wconf 89' lang='lat' dir='ltr'>ut</span> <span class='ocrx_word' id='word_1_215' title='bbox 775 2291 1068 2335; x_wconf 89' lang='lat' dir='ltr'>narrationem</span> <span class='ocrx_word' id='word_1_216' title='bbox 1110 2295 1320 2345; x_wconf 88' lang='lat' dir='ltr'>tractem,</span> <span class='ocrx_word' id='word_1_217' title='bbox 1365 2292 1418 2335; x_wconf 93' lang='lat' dir='ltr'>de</span> <span class='ocrx_word' id='word_1_218' title='bbox 1460 2305 1545 2347; x_wconf 90' lang='lat' dir='ltr'>qua</span> <span class='ocrx_word' id='word_1_219' title='bbox 1577 2294 1731 2336; x_wconf 86' lang='lat' dir='ltr'>Anaxi-</span> 
     </span>
     <span class='ocr_line' id='line_1_31' title="bbox 211 2363 1733 2418; baseline 0.003 -13"><span class='ocrx_word' id='word_1_220' title='bbox 211 2364 348 2406; x_wconf 91' lang='lat' dir='ltr'>menis</span> <span class='ocrx_word' id='word_1_221' title='bbox 390 2367 624 2417; x_wconf 86' lang='lat' dir='ltr'>praecepta</span> <span class='ocrx_word' id='word_1_222' title='bbox 666 2363 794 2418; x_wconf 88' lang='lat' dir='ltr'>longe</span> <span class='ocrx_word' id='word_1_223' title='bbox 836 2364 923 2406; x_wconf 90' lang='lat' dir='ltr'>alia</span> <span class='ocrx_word' id='word_1_224' title='bbox 965 2368 1065 2406; x_wconf 89' lang='lat' dir='ltr'>sunt</span> <span class='ocrx_word' id='word_1_225' title='bbox 1108 2369 1237 2417; x_wconf 89' lang='lat' dir='ltr'>atque</span> <span class='ocrx_word' id='word_1_226' title='bbox 1282 2365 1479 2408; x_wconf 87' lang='lat' dir='ltr'>doctrina</span> <span class='ocrx_word' id='word_1_227' title='bbox 1510 2367 1733 2410; x_wconf 86' lang='lat' dir='ltr'>seriorum.</span> 
     </span>
     <span class='ocr_line' id='line_1_32' title="bbox 212 2435 1732 2492; baseline 0.001 -14"><span class='ocrx_word' id='word_1_228' title='bbox 212 2435 255 2479; x_wconf 89' lang='lat' dir='ltr'>Is</span> <span class='ocrx_word' id='word_1_229' title='bbox 287 2435 399 2479; x_wconf 92' lang='lat' dir='ltr'>enim</span> <span class='ocrx_word' id='word_1_230' title='bbox 430 2435 759 2479; x_wconf 89' lang='lat' dir='ltr'>deliberativum</span> <span class='ocrx_word' id='word_1_231' title='bbox 788 2445 922 2490; x_wconf 78' lang='lat' dir='ltr'>&#39;genus</span> <span class='ocrx_word' id='word_1_232' title='bbox 953 2436 1090 2491; x_wconf 89' lang='lat' dir='ltr'>primo</span> <span class='ocrx_word' id='word_1_233' title='bbox 1122 2436 1215 2480; x_wconf 86' lang='lat' dir='ltr'>loco</span> <span class='ocrx_word' id='word_1_234' title='bbox 1247 2440 1430 2492; x_wconf 86' lang='lat' dir='ltr'>tractat,</span> <span class='ocrx_word' id='word_1_235' title='bbox 1475 2441 1520 2480; x_wconf 87' lang='lat' dir='ltr'>et</span> <span class='ocrx_word' id='word_1_236' title='bbox 1550 2436 1603 2481; x_wconf 90' lang='lat' dir='ltr'>de</span> <span class='ocrx_word' id='word_1_237' title='bbox 1634 2451 1732 2480; x_wconf 89' lang='lat' dir='ltr'>nar-</span> 
     </span>
     <span class='ocr_line' id='line_1_33' title="bbox 211 2508 1737 2562; baseline 0.002 -13"><span class='ocrx_word' id='word_1_238' title='bbox 211 2508 380 2550; x_wconf 86' lang='lat' dir='ltr'>ratione</span> <span class='ocrx_word' id='word_1_239' title='bbox 402 2508 594 2550; x_wconf 86' lang='lat' dir='ltr'>iudiciali</span> <span class='ocrx_word' id='word_1_240' title='bbox 622 2509 762 2551; x_wconf 88' lang='lat' dir='ltr'>minus</span> <span class='ocrx_word' id='word_1_241' title='bbox 779 2510 972 2551; x_wconf 87' lang='lat' dir='ltr'>curiosus</span> <span class='ocrx_word' id='word_1_242' title='bbox 1001 2509 1055 2551; x_wconf 89' lang='lat' dir='ltr'>ad</span> <span class='ocrx_word' id='word_1_243' title='bbox 1075 2513 1308 2562; x_wconf 88' lang='lat' dir='ltr'>praecepta</span> <span class='ocrx_word' id='word_1_244' title='bbox 1326 2510 1459 2552; x_wconf 87' lang='lat' dir='ltr'>semel</span> <span class='ocrx_word' id='word_1_245' title='bbox 1479 2510 1583 2553; x_wconf 90' lang='lat' dir='ltr'>data</span> <span class='ocrx_word' id='word_1_246' title='bbox 1600 2510 1737 2553; x_wconf 85' lang='lat' dir='ltr'>refert</span> 
     </span>
     <span class='ocr_line' id='line_1_34' title="bbox 213 2579 1737 2633; baseline 0.004 -14"><span class='ocrx_word' id='word_1_247' title='bbox 213 2579 302 2633; x_wconf 89' lang='lat'>(32,</span> <span class='ocrx_word' id='word_1_248' title='bbox 334 2581 371 2620; x_wconf 91' lang='lat'>2.</span> <span class='ocrx_word' id='word_1_249' title='bbox 407 2582 474 2633; x_wconf 90' lang='lat'>37,</span> <span class='ocrx_word' id='word_1_250' title='bbox 509 2579 593 2633; x_wconf 90' lang='lat'>14).</span> <span class='ocrx_word' id='word_1_251' title='bbox 668 2579 814 2622; x_wconf 84' lang='lat' dir='ltr'>Genus</span> <span class='ocrx_word' id='word_1_252' title='bbox 852 2580 1237 2623; x_wconf 89' lang='lat' dir='ltr'>demonstrativum</span> <span class='ocrx_word' id='word_1_253' title='bbox 1276 2593 1328 2623; x_wconf 85' lang='lat' dir='ltr'>ex</span> <span class='ocrx_word' id='word_1_254' title='bbox 1367 2581 1430 2623; x_wconf 88' lang='lat' dir='ltr'>rei</span> <span class='ocrx_word' id='word_1_255' title='bbox 1475 2582 1737 2625; x_wconf 86' lang='lat' dir='ltr'>necessitate</span> 
     </span>
     <span class='ocr_line' id='line_1_35' title="bbox 212 2649 1736 2708; baseline 0.003 -16"><span class='ocrx_word' id='word_1_256' title='bbox 212 2649 383 2704; x_wconf 90' lang='lat' dir='ltr'>proprie</span> <span class='ocrx_word' id='word_1_257' title='bbox 416 2654 459 2693; x_wconf 92' lang='lat' dir='ltr'>et</span> <span class='ocrx_word' id='word_1_258' title='bbox 491 2651 661 2704; x_wconf 87' lang='lat' dir='ltr'>copiose</span> <span class='ocrx_word' id='word_1_259' title='bbox 693 2651 912 2704; x_wconf 77' lang='lat' dir='ltr'>illustrat,</span> <span class='ocrx_word' id='word_1_260' title='bbox 961 2651 1211 2706; x_wconf 87' lang='lat' dir='ltr'>exquirendi</span> <span class='ocrx_word' id='word_1_261' title='bbox 1251 2664 1388 2708; x_wconf 85' lang='lat' dir='ltr'>genus</span> <span class='ocrx_word' id='word_1_262' title='bbox 1420 2651 1610 2696; x_wconf 87' lang='lat' dir='ltr'>breviter</span> <span class='ocrx_word' id='word_1_263' title='bbox 1638 2656 1736 2696; x_wconf 84' lang='lat' dir='ltr'>tan-</span> 
     </span>
     <span class='ocr_line' id='line_1_36' title="bbox 213 2722 1738 2778; baseline 0.003 -14"><span class='ocrx_word' id='word_1_264' title='bbox 213 2722 277 2776; x_wconf 87' lang='lat' dir='ltr'>git</span> <span class='ocrx_word' id='word_1_265' title='bbox 310 2722 398 2776; x_wconf 87' lang='lat'>(36,</span> <span class='ocrx_word' id='word_1_266' title='bbox 430 2725 497 2773; x_wconf 89' lang='lat'>38,</span> <span class='ocrx_word' id='word_1_267' title='bbox 528 2723 588 2776; x_wconf 90' lang='lat'>4).</span> <span class='ocrx_word' id='word_1_268' title='bbox 650 2723 707 2765; x_wconf 84' lang='lat' dir='ltr'>At</span> <span class='ocrx_word' id='word_1_269' title='bbox 736 2724 869 2766; x_wconf 87' lang='lat' dir='ltr'>ceteri</span> <span class='ocrx_word' id='word_1_270' title='bbox 901 2724 1135 2778; x_wconf 85' lang='lat' dir='ltr'>scriptores</span> <span class='ocrx_word' id='word_1_271' title='bbox 1164 2724 1263 2766; x_wconf 92' lang='lat' dir='ltr'>inde</span> <span class='ocrx_word' id='word_1_272' title='bbox 1295 2723 1348 2767; x_wconf 88' lang='lat' dir='ltr'>ab</span> <span class='ocrx_word' id='word_1_273' title='bbox 1380 2725 1614 2768; x_wconf 89' lang='lat' dir='ltr'>Aristotele</span> <span class='ocrx_word' id='word_1_274' title='bbox 1646 2738 1738 2768; x_wconf 91' lang='lat' dir='ltr'>rem</span> 
     </span>
     <span class='ocr_line' id='line_1_37' title="bbox 213 2793 1740 2849; baseline 0.003 -13"><span class='ocrx_word' id='word_1_275' title='bbox 213 2794 258 2837; x_wconf 91' lang='lat' dir='ltr'>in</span> <span class='ocrx_word' id='word_1_276' title='bbox 287 2793 479 2837; x_wconf 90' lang='lat' dir='ltr'>iudiciali</span> <span class='ocrx_word' id='word_1_277' title='bbox 509 2805 666 2849; x_wconf 85' lang='lat' dir='ltr'>genere</span> <span class='ocrx_word' id='word_1_278' title='bbox 696 2798 745 2837; x_wconf 92' lang='lat' dir='ltr'>ut</span> <span class='ocrx_word' id='word_1_279' title='bbox 774 2794 1023 2849; x_wconf 87' lang='lat' dir='ltr'>primariam</span> <span class='ocrx_word' id='word_1_280' title='bbox 1056 2795 1228 2839; x_wconf 88' lang='lat' dir='ltr'>habent.</span> <span class='ocrx_word' id='word_1_281' title='bbox 1290 2796 1424 2839; x_wconf 87' lang='lat' dir='ltr'>Immo</span> <span class='ocrx_word' id='word_1_282' title='bbox 1455 2796 1547 2839; x_wconf 90' lang='lat' dir='ltr'>fere</span> <span class='ocrx_word' id='word_1_283' title='bbox 1578 2796 1740 2840; x_wconf 82' lang='lat' dir='ltr'>nullam</span> 
     </span>
    </p>
   </div>
   <div class='ocr_carea' id='block_1_5' title="bbox 1366 2873 1391 2912">
    <p class='ocr_par' dir='ltr' id='par_1_18' title="bbox 1366 2873 1391 2912">
     <span class='ocr_line' id='line_1_38' title="bbox 1366 2873 1391 2912; baseline 0 0"><span class='ocrx_word' id='word_1_284' title='bbox 1366 2873 1391 2912; x_wconf 88' lang='lat'>4</span> 
     </span>
    </p>
   </div>
  </div>
 </body>
</html>
