1910 3154
942 130 996 169 50

199 242 253 286 in·
275 240 559 286 deliberativo
590 242 733 285 inesse
778 241 840 285 ait
871 241 1132 284 Aristoteles
1174 241 1273 296 (Rh.
1308 244 1346 293 3,
1384 244 1450 293 16,
1486 241 1583 295 11):
1624 251 1735 295 quae

201 315 238 359 si
269 316 348 370 sit,
389 314 637 358 necessario
668 315 909 368 praeterita
939 317 1110 357 tantum
1141 317 1345 357 tractare.
1421 312 1517 356 Non
1549 313 1736 356 alienum

202 388 287 430 erit
316 387 385 429 hic
403 387 658 437 Quintiliani
689 387 950 429 sententiam
974 386 1183 440 proferre,
1216 387 1289 440 qui
1307 387 1401 440 ipse
1423 398 1590 440 quoque
1610 398 1736 440 prae-

205 462 333 513 cepta
355 459 648 502 Anaximenea
681 458 887 501 damnare
917 458 1029 501 velle
1060 458 1245 501 videtur.
1310 457 1485 513 „Sciens
1516 462 1736 500 transcur-

201 543 294 572 ram
327 529 509 573 subtiles
539 530 716 572 nimium
747 529 979 572 divisiones
1012 529 1278 583 quorundam
1309 530 1434 582 plura
1460 529 1551 571 eius
1575 541 1737 584 genera

202 601 454 644 facientium
486 634 494 643 .
530 634 538 643 .
573 634 581 643 .
615 601 846 653 Adiiciunt‚
880 600 1192 654 expositionem
1224 604 1268 643 et
1287 600 1624 653 praeteritorum
1640 611 1736 642 esse

203 676 470 726 temporum,
516 685 626 726 quae
658 676 726 715 est
757 672 1129 726 frequentissima,
1175 675 1218 714 et
1248 672 1564 725 praesentium,
1597 670 1736 724 qualis

205 747 273 787 est
305 744 525 787 Ciceronis
569 744 622 787 de
668 744 865 787 discursu
907 744 1141 786 amicorum
1174 743 1462 798 Chrysogoni,
1509 745 1735 796 postquam

203 819 271 858 est
302 816 570 870 nominatus;
610 819 655 858 et
685 816 948 870 futurorum,
995 829 1104 869 quae
1137 816 1240 858 solis
1271 814 1608 858 vaticinantibus
1640 827 1736 857 esse

201 890 370 941 potest;
401 900 498 929 nam
532 886 783 933 ὑποτύπωσις
814 900 896 929 non
929 891 997 929 est
1027 886 1226 929 habenda
1257 886 1476 929 narratio“
1513 888 1571 941 (4,
1606 890 1644 938 2,
1678 886 1738 941 3).

202 959 259 1000 At
289 958 405 1000 idem
436 957 745 1008 Quintilianus:
779 959 838 1012 (9,
873 962 910 1009 2,
945 958 1033 1012 41).
1113 958 1234 1013 „Nec
1267 959 1428 1010 solum,
1477 971 1587 1012 quae
1619 957 1736 1000 facta

204 1029 303 1080 sint,
338 1033 413 1071 aut
442 1028 561 1081 fiant,
594 1030 670 1071 sed
704 1030 849 1084 etiam,
883 1042 993 1082 quae
1024 1030 1169 1072 futura
1188 1030 1275 1072 sint
1303 1034 1378 1072 aut
1397 1030 1542 1072 futura
1565 1029 1737 1082 fuerint,

202 1102 505 1156 imaginamur.
568 1101 677 1143 Mire
708 1105 873 1144 tractat
903 1102 982 1144 hoc
1017 1102 1166 1145 Cicero
1197 1115 1275 1155 pro
1299 1102 1473 1156 Milone,
1506 1114 1614 1155 quae
1646 1100 1736 1144 fac-

205 1177 329 1217 turus
360 1172 494 1216 fuerit
511 1173 700 1227 Clodius,
733 1173 770 1216 si
799 1178 1051 1227 praeturam
1081 1174 1340 1216 invasisset“
1374 1173 1446 1229 (cf.
1469 1186 1599 1227 supra
1616 1187 1656 1227 p.
1677 1174 1736 1228 6).

320 1244 456 1287 Nobis
499 1248 645 1287 tamen
684 1245 814 1287 liceat
854 1244 922 1287 hic
953 1257 1119 1298 quoque
1152 1245 1302 1287 ducem
1335 1245 1640 1287 Anaximenem
1673 1257 1739 1287 se-

205 1317 288 1371 qui.
367 1316 448 1367 Qui
490 1316 662 1370 quidem
705 1316 867 1358 diserte
899 1316 1005 1358 haec
1048 1316 1288 1370 praecipit3
1338 1316 1505 1359 scilicet
1545 1316 1737 1359 narratio

204 1389 291 1432 tria
322 1392 522 1442 praestat
552 1401 755 1431 munera:
788 1389 1029 1441 praeterita
1060 1388 1210 1441 refert,
1244 1389 1492 1442 praesentia
1523 1389 1736 1443 proponit,

202 1460 349 1504 futura
388 1463 710 1513 praemonstrat
755 1459 795 1514 (ἕ
832 1458 886 1515 1).
975 1459 1098 1502 Unde
1140 1460 1227 1502 tria
1268 1473 1454 1515 genera:
1499 1460 1735 1514 ἀπαγγελία,

203 1534 392 1587 δήλωσις,
425 1532 641 1587 πρόρρησις
674 1532 714 1586 (ξ
750 1531 808 1586 9).
872 1531 993 1582 Quod
1023 1532 1086 1573 illi
1119 1531 1344 1585 ἀπαγγελία
1376 1536 1466 1586 est,
1504 1533 1547 1574 id
1581 1533 1738 1575 ceteris

202 1603 487 1657 scriptoribus
519 1604 675 1646 artium
710 1604 921 1658 ὃιήγησιςε
967 1604 1133 1657 reliqua
1164 1603 1256 1646 fere
1289 1608 1496 1658 spernunt
1527 1604 1640 1656 (vide
1671 1608 1737 1648 ta-

200 1686 299 1717 men
330 1673 572 1716 Volkmann
614 1686 653 1726 p.
691 1672 805 1728 150).
879 1673 991 1715 Illud
1034 1673 1257 1728 ἀπαγγελία
1299 1674 1402 1716 inde
1435 1674 1609 1716 ductum
1642 1686 1737 1717 esse

201 1746 385 1797 videtur,
419 1745 532 1798 quod
562 1745 622 1798 is,
655 1745 726 1797 qui
758 1745 894 1799 legati
925 1758 1102 1788 munere
1134 1745 1339 1800 fungitur,
1390 1746 1507 1788 dicta
1539 1759 1588 1788 ac
1620 1745 1737 1788 facta

200 1818 421 1861 renuntiat
455 1816 760 1872 (ἀπαγγέλλει);
803 1817 916 1860 unde
959 1817 1211 1861 vocabulum
1242 1818 1287 1860 in
1318 1818 1427 1861 alios
1458 1830 1562 1861 usus
1593 1821 1737 1861 trans·

202 1890 355 1933 fertur.

317 1962 523 2004 Narratio
557 1960 688 2004 debet
719 1974 815 2004 esse
848 1960 1015 2013 brevis,
1048 1961 1250 2016 dilucida,
1283 1961 1504 2005 credibilis
1537 1960 1577 2016 (ξ
1610 1965 1649 2016 4,
1683 1961 1735 2004 cf.

201 2036 275 2077 Ar.
308 2034 387 2076 Rh.
422 2037 460 2088 3,
496 2037 561 2087 16,
595 2037 634 2085 4,
682 2033 824 2084 Quint.
859 2038 898 2085 4,
933 2037 970 2085 2,
1007 2037 1073 2086 33,
1107 2038 1158 2075 41
1195 2034 1291 2088 sq.).
1368 2034 1433 2076 Ea
1474 2038 1574 2076 sunt
1605 2033 1738 2076 verba

202 2105 468 2158 adhibenda,
516 2118 625 2158 quae
667 2106 755 2148 sint
785 2105 961 2158 propria
994 2109 1039 2147 et
1069 2106 1257 2157 usitata,
1309 2109 1353 2148 et
1383 2109 1484 2148 sunt
1514 2105 1558 2147 in
1590 2105 1738 2148 ordine

202 2179 331 2222 solito
364 2177 627 2220 collocanda.
706 2176 842 2228 Quam
871 2177 1083 2220 sermonis
1114 2177 1344 2229 virtutem,
1393 2178 1429 2219 si
1473 2177 1571 2233 quis·
1614 2177 1737 2231 alius,

201 2254 402 2305 praestat
431 2253 561 2304 poeta
593 2254 742 2293 noster
774 2250 836 2304 (ἐκ
868 2254 938 2305 τῆς
970 2249 1156 2296 εἰωθυίας
1189 2249 1408 2302 διαλέκτου,
1444 2249 1539 2305 ὅπερ
1571 2247 1739 2305 Εὐριπί-

202 2324 274 2378 δης
304 2323 409 2363 ποιεῖ
436 2320 503 2362 καὶ
533 2325 688 2377 πρῶτος
720 2321 903 2373 ὑπέδειξε
943 2324 1015 2365 Ar.
1048 2323 1128 2364 Rh.
1165 2326 1202 2374 3,
1235 2326 1275 2374 2,
1311 2327 1348 2364 5.
1390 2322 1533 2368 κοινοῖς
1563 2320 1629 2362 καὶ
1662 2323 1738 2377 δη-

200 2396 354 2452 μώδεσι
382 2394 463 2441 τοῖς
494 2394 662 2449 ὀνόμασι
693 2394 756 2437 De
789 2393 966 2437 Sublim.
1001 2397 1087 2445 40).
1167 2394 1231 2437 Sit
1275 2394 1468 2448 exemplo
1511 2392 1738 2437 brevitatis

199 2468 477 2521 Euripideae,
509 2468 551 2508 in
583 2480 667 2520 qua
700 2468 825 2509 deest
855 2468 959 2509 nihil
992 2468 1105 2521 quod
1140 2472 1215 2510 aut
1247 2467 1484 2522 cognitioni
1517 2470 1592 2509 aut
1622 2466 1739 2509 utili-

200 2539 286 2583 tati
315 2539 466 2592 prosit,
500 2539 772 2581 oratiuncula
806 2539 882 2581 illa
915 2552 966 2581 ex
989 2539 1174 2593 Cyclope
1201 2539 1288 2582 iam
1308 2539 1487 2581 laudata
1520 2539 1622 2592 (253
1641 2537 1739 2593 sq.).

202 2609 437 2654 Credibilia
469 2610 505 2652 si
537 2622 622 2662 qua
652 2610 791 2652 minus
822 2610 1072 2664 videantur,
1116 2611 1327 2653 accedant
1362 2611 1426 2652 rei
1473 2622 1629 2652 causae
1660 2609 1740 2665 (αἰ-

201 2682 285 2729 τίας
317 2683 451 2724 Anax.
488 2685 555 2733 31,
590 2680 649 2736 8).
694 2681 756 2724 Cf.
791 2682 946 2724 Troad.
982 2686 1065 2725 914
1079 2695 1141 2736 sq.
1176 2683 1377 2737 (ἀντιθεῖς’
1409 2715 1418 2724 .
1453 2713 1461 2722 .
1496 2714 1504 2722 .
1538 2680 1645 2737 τάμὰ
1674 2680 1740 2723 καὶ

196 2753 245 2796 τὰ
278 2754 313 2796 0'
347 2752 585 2809 αἰτιάματα,
630 2766 759 2797 sensu
793 2755 964 2808 quidem
997 2755 1184 2812 diverso)
1218 2755 1293 2799 ubi
1325 2755 1491 2798 Helena
1522 2755 1566 2797 in
1596 2756 1739 2809 proxi-

196 2828 279 2875 mis
311 2827 432 2870 varia
464 2829 679 2876 causatur.
727 2827 848 2869 .Inde
881 2832 972 2871 tres
1001 2828 1207 2871 narrandi
1238 2829 1430 2871 rationes
1457 2840 1553 2871 esse
1578 2828 1735 2871 statuit
