1910 3154
923 95 974 136 35

182 209 308 252 derit.
370 209 514 252 Potuit
545 209 677 251 etiam
708 221 759 250 ex
788 207 1026 251 Troadibus
1058 206 1210 250 afferre
1241 207 1477 262 (916-18)
1509 206 1693 249 alterum

183 294 260 326 nec
291 281 428 326 minus
460 285 654 336 apertum
687 280 793 324 artis
824 280 1049 324 indicium:
1092 280 1266 324 tertium
1297 280 1444 335 addas,
1476 280 1531 323 ad
1562 277 1694 322 verba

185 355 358 407 optime,
390 354 445 396 ad
475 359 613 397 artem
644 367 737 396 cum
767 354 903 407 primo
934 355 1070 396 minus
1102 366 1360 407 congruens,
1393 367 1443 395 ex
1472 353 1694 406 Iphigenia

185 425 405 469 Aulidensi
436 425 569 483 (810).
630 426 677 469 In
711 425 949 470 Troadibus
981 429 1123 469 autem
1154 428 1388 470 orationem
1418 426 1525 480 legis
1554 429 1693 469 totam

186 509 238 540 ex
268 501 368 540 ante
399 499 677 553 occupatione
707 498 956 541 confectam.

299 571 403 615 Inde
440 571 492 615 de
522 571 795 628 Egressione.
869 572 934 615 De
966 585 1049 626 qua
1078 571 1164 615 iam
1205 571 1311 615 satis
1349 570 1583 614 indicatum
1614 573 1695 625 est,

186 644 317 687 moris
347 657 442 687 esse
471 649 667 687 oratores
698 657 743 687 se
774 657 958 699 purgare
991 648 1034 687 et
1064 657 1279 695 excusare,
1313 644 1425 697 quod
1442 644 1494 685 de
1526 645 1594 685 via
1625 655 1694 685 ex-

188 717 433 760 cessissent.
492 717 700 772 Exempla
732 730 896 772 quoque
927 730 978 759 ex
1008 717 1211 770 Euripide
1243 716 1402 759 addidi.

303 789 383 832 Hic
413 793 559 832 tamen
588 802 671 832 non
701 790 885 832 alienum
916 790 1000 831 erit
1028 790 1144 831 locos
1176 789 1340 842 aliquos
1371 792 1521 831 notare
1540 789 1583 830 in
1606 787 1697 841 qui-

188 859 268 905 bus
298 866 474 916 propter
516 861 689 904 nimiam
728 861 934 916 evagandi
973 861 1191 904 licentiam
1222 861 1312 904 iure
1345 860 1573 914 suspiceris
1603 872 1698 903 ver-

190 947 262 978 sus
293 946 388 977 esse
419 934 713 988 interpolatos.

304 1007 361 1049 Et
393 1007 540 1050 statim
572 1006 742 1060 quidem
772 1010 986 1049 oratorem
1018 1019 1242 1049 excurrere
1272 1019 1413 1060 posse,
1445 1019 1700 1060 quamquam

166 1077 349 1136 ‚infitias
380 1091 463 1120 non
493 1091 580 1130 eas,
611 1082 756 1120 tamen
786 1078 943 1120 invitus
985 1080 1206 1121 concedas.
1274 1080 1323 1121 Id
1353 1083 1401 1122 ut
1431 1080 1542 1121 inter
1573 1080 1699 1122 collo-

192 1155 370 1205 quentes
399 1148 671 1201 inurbanius,
717 1149 779 1191 ita
811 1148 1082 1192 audientibus
1116 1155 1159 1193 et
1203 1150 1443 1205 legentibus
1473 1152 1701 1194 incommo-

193 1223 293 1265 dum
324 1225 402 1265 est.
462 1223 612 1275 Itaque
642 1221 780 1264 minus
810 1222 954 1274 placet
983 1223 1094 1275 quod
1124 1223 1165 1264 in
1186 1223 1455 1277 Supplicibus
1486 1224 1587 1277 (195
1605 1223 1701 1277 sq.).

193 1295 397 1347 TheseuS‚
430 1306 558 1349 quum
588 1293 692 1336 nihil
723 1294 777 1336 ad
808 1306 898 1336 rem
930 1294 1121 1347 dixisset,
1153 1296 1363 1350 extemplo
1385 1308 1595 1350 egressus,
1628 1295 1700 1339 de-

192 1380 307 1411 mum
337 1369 393 1422 (v.
424 1367 526 1422 214)
559 1366 612 1409 ab
643 1366 697 1409 iis
727 1367 953 1410 sententiis
984 1368 1156 1422 incipit,
1196 1381 1303 1421 quae
1335 1372 1435 1423 apte
1465 1368 1703 1411 orationem

193 1439 408 1483 inducant.
481 1438 630 1493 Neque
661 1438 724 1482 ita
755 1438 895 1481 omnia
926 1438 1033 1482 bene
1064 1439 1320 1493 procedunt:
1364 1441 1520 1484 iterum
1560 1440 1702 1497 digre-

194 1513 335 1565 ditur;
367 1513 429 1555 ita
458 1516 507 1555 ut
536 1512 681 1554 malim
712 1512 773 1554 sic
805 1512 1044 1566 disponere,
1077 1513 1229 1555 excisis
1258 1512 1463 1566 pluribus.
1525 1514 1600 1556 Pr.
1620 1517 1704 1556 214

196 1588 352 1640 —218,
383 1584 422 1627 N
434 1597 535 1628 arr.
556 1584 797 1637 219—221,
830 1587 1070 1639 229—237,
1101 1586 1236 1639 Epil.
1271 1588 1480 1628 246—49.
1536 1584 1705 1629 Utfac-

195 1661 284 1701 tum
316 1662 383 1701 est
411 1658 455 1700 in
487 1658 679 1700 oratione
711 1657 885 1709 Thesei,
915 1658 977 1701 ita
1006 1659 1049 1700 in
1079 1659 1220 1712 priore
1242 1660 1429 1703 Adrasti.
1473 1660 1557 1715 (De
1587 1663 1706 1702 utra-

197 1743 278 1785 que
307 1733 454 1773 tamen
485 1731 652 1795 omnino
684 1729 940 1772 conferenda
977 1735 1095 1783 sunt,
1138 1744 1246 1785 quae
1287 1733 1505 1785 disputata
1535 1735 1634 1774 sunt
1663 1732 1708 1772 in

196 1802 388 1845 Analect.
421 1802 566 1855 Eurip.
600 1815 667 1855 pp.
702 1802 901 1856 86—90).
976 1802 1020 1845 si
1060 1803 1103 1845 in
1144 1816 1270 1847 versu
1301 1807 1379 1847 221
1423 1804 1526 1846 mihi
1561 1804 1705 1845 δόντων

196 1887 273 1929 pro
307 1875 462 1921 ζώντων
505 1874 736 1930 corrigenti
778 1874 1061 1944 copcedatur,
1105 1876 1250 1918 malim
1287 1889 1435 1920 versus
1480 1879 1702 1918 219—221

199 1946 441 1991 defendere.

315 2018 521 2063 Similiter
550 2018 594 2062 in
623 2018 843 2073 Iphigenia
875 2019 1093 2063 Aulidensi
1122 2025 1336 2076 peccatur,
1367 2021 1439 2065 ubi
1460 2034 1542 2065 non
1572 2034 1711 2076 pauca

200 2090 253 2135 ab
276 2092 396 2135 initio
418 2091 624 2135 orationis
647 2091 823 2134 Achillis
847 2093 948 2147 (919
969 2093 1050 2148 sq.)
1068 2093 1214 2147 inepta
1233 2094 1443 2138 videntur.
1505 2095 1593 2138 Nec
1616 2096 1710 2140 loco

199 2177 278 2208 nec
308 2177 517 2219 personae
550 2164 814 2207 conveniunt.
891 2165 1038 2208 Liceat
1077 2167 1311 2210 orationem
1341 2167 1404 2210 ita
1436 2169 1709 2213 constituere.

201 2237 279 2280 Pr.
314 2240 524 2291 924—27‚
556 2237 711 2281 Narr.
747 2240 957 2291 928—37,
989 2238 1138 2281 Prob.
1173 2243 1418 2295 938—943,
1449 2242 1536 2296 Ep.
1571 2246 1712 2285 944—

206 2311 304 2353 951.
366 2309 433 2352 Ita
461 2309 586 2363 digne
617 2308 877 2363 ingreditur,
923 2310 1029 2353 satis
1061 2311 1288 2365 tranquille
1319 2313 1533 2366 procedit,
1581 2314 1713 2358 donec

202 2382 268 2424 ira
297 2381 442 2425 laesae
473 2381 652 2437 virginis
685 2386 932 2435 commotus,
963 2383 1226 2436 exardescit,
1259 2388 1303 2427 et
1334 2390 1561 2440 antequam
1597 2387 1714 2430 calor

202 2454 274 2498 ille
305 2454 580 2511 cogitationis
611 2454 790 2510 refrixit,
824 2455 905 2507 dea
932 2456 1126 2499 invocata
1155 2460 1306 2509 matre,
1338 2458 1506 2503 desinit.
1579 2461 1715 2512 Quam

202 2527 512 2569 invocationem
553 2526 700 2569 statim
743 2528 895 2571 chorus
928 2529 1104 2582 excipit:
1148 2527 1301 2582 ἔλεξας,
1355 2532 1387 2571 ὦ
1428 2533 1499 2572 παῖ
1530 2532 1714 2589 Πηλέως,

204 2600 275 2640 σοῦ
305 2596 332 2640 τ’
368 2597 480 2652 ἄξια,
526 2597 592 2640 καὶ
622 2603 691 2655 τῆς
722 2600 879 2648 ἐναλίας
911 2600 1115 2657 δαίμονος,
1162 2607 1307 2659 σεμνῆς
1341 2604 1433 2645 θεοῦ
1464 2605 1713 2664 (975—76).

205 2671 273 2715 Sic
304 2675 348 2714 et
377 2684 517 2715 mores
547 2684 757 2726 personae
790 2677 834 2717 et
864 2674 1068 2718 orationis
1099 2679 1222 2719 tenor
1252 2678 1417 2720 servari
1446 2679 1656 2724 videntur.

318 2744 412 2788 Non
443 2757 511 2788 me
541 2744 674 2798 fallit,
722 2758 846 2800 quam
877 2760 946 2790 res
977 2747 1141 2791 lubrica
1173 2749 1230 2792 sit
1259 2750 1389 2793 nimia
1419 2752 1463 2794 in
1493 2754 1559 2796 his
1589 2753 1718 2798 rebus

205 2817 435 2863 subtilitas.
498 2817 543 2862 Si
573 2818 670 2872 quis
701 2823 846 2864 tamen
877 2822 1041 2877 egregii
1077 2826 1228 2877 poetae
1260 2823 1368 2879 legit
1398 2826 1638 2883 relegitque
1670 2841 1720 2872 ea

1346 2895 1404 2939 3*
