1910 3154
967 58 1017 98 71

219 174 312 214 tum
344 170 420 214 sed
450 171 492 213 in
526 170 623 213 aliis
656 171 786 213 etiam
820 170 1016 224 partibus
1047 169 1229 230 affectus
1261 171 1473 211 tractare:
1520 180 1645 222 „nam
1677 180 1751 210 ne·

219 256 301 298 que
340 243 492 297 exponi
538 244 629 286 sine
675 244 754 286 hoc
794 257 864 286 res
910 248 1080 286 atroces
1121 246 1165 285 et
1217 240 1490 284 miserabiles
1546 239 1751 292 debent“,

220 314 383 370 (Quint.
417 318 456 369 6,
493 319 529 366 1,
563 316 635 369 53)
682 318 726 356 et
760 316 898 371 „aliae
946 327 1113 369 quoque
1145 316 1295 367 partes
1325 313 1539 366 recipiunt
1570 311 1751 354 affectus

219 387 297 429 sed
327 386 573 430 breviores“
609 388 650 442 (ξ
685 388 770 442 51).
834 390 889 430 At
928 401 1005 430 nos
1038 387 1157 440 operi
1191 390 1338 429 nostro
1370 385 1479 428 satis
1512 384 1656 427 facere
1689 385 1749 426 vi-

220 457 432 511 debimur,
464 459 500 502 si
534 459 728 515 epilogos
759 459 992 514 praecipue
1024 459 1292 513 respicimus.

336 532 486 574 Cicero
530 537 668 575 artem
708 533 893 575 oratoris
937 533 979 575 in
1026 533 1105 575 hoc
1146 538 1271 585 parte
1313 532 1355 573 in
1398 532 1514 574 locos
1560 531 1748 574 sedecim

220 616 462 647 communes
496 603 729 647 distribuit.
793 605 956 647 Horum
985 605 1160 647 ultimus
1208 607 1274 646 est
1305 604 1342 646 is
1379 616 1481 658 „per
1513 616 1636 657 quem
1670 615 1746 646 nos

220 677 407 719 animum
438 680 632 719 nostrum
676 677 719 719 in
760 677 869 720 alios
901 677 1224 720 misericordem
1267 689 1362 719 esse
1406 676 1671 718 ostendimus
1703 680 1747 719 et

220 749 364 789 tamen
415 746 602 800 amplum
657 750 701 789 et
745 747 955 789 excelsum
1004 751 1048 789 et
1092 746 1329 799 patientem
1379 745 1746 788 incommodorum

220 831 315 861 esse
363 824 407 861 et
449 818 640 861 futurum
693 831 809 870 esse,
856 819 892 861 si
944 818 1044 872 quid
1090 817 1321 869 acciderit,
1370 817 1742 861 demonstramus“

218 891 324 944 (Inv.
362 894 397 941 1,
432 891 634 944 55—56).

336 962 416 1005 Hic
446 963 564 1005 locus
596 964 708 1016 apud
741 963 990 1016 Euripidem
1022 966 1089 1005 est
1120 961 1508 1015 frequentissimus,
1543 975 1624 1015 quo
1648 975 1743 1005 cum

219 1034 460 1078 mirandum
490 1034 586 1091 ἦθος
632 1035 916 1090 coniungitur.
979 1034 1082 1077 Inde
1126 1038 1296 1077 movent
1340 1034 1503 1078 animos
1535 1035 1741 1088 Macaria,

217 1104 445 1158 Polyxena,
480 1106 747 1157 Menoeceus,
780 1106 936 1148 Iolaus.
1000 1106 1093 1146 Alia
1125 1106 1316 1158 exempla
1348 1118 1398 1147 ex
1429 1106 1610 1160 epilogis
1643 1110 1743 1148 sunt

217 1176 351 1218 haec:
394 1177 522 1219 Andr.
557 1181 652 1219 413.
717 1177 887 1219 Heracl.
934 1181 1044 1230 451,
1080 1180 1175 1219 528.
1239 1177 1366 1218 Herc.
1415 1177 1512 1218 Fur.
1548 1180 1644 1218 307.
1707 1178 1739 1219 Ι.

217 1248 265 1289 A.
322 1253 440 1290 1004.
513 1249 633 1290 Idem
673 1262 724 1291 ex
766 1249 1086 1301 comparatione
1143 1249 1412 1291 manifestius
1453 1247 1539 1291 fiet.
1612 1250 1739 1291 Iason

218 1318 348 1373 (Med.
387 1321 514 1372 1347)
549 1320 729 1362 amissos
760 1320 903 1372 plorat
933 1319 1115 1373 liberos,
1161 1319 1365 1361 amissam
1396 1332 1619 1374 sponsam,
1663 1321 1739 1363 sed

216 1404 292 1434 suo
324 1393 531 1446 imprimis
554 1393 671 1435 casui
693 1393 882 1446 ingemit.
944 1393 1057 1434 Loco
1089 1392 1153 1434 illi
1183 1392 1313 1434 tertio
1346 1393 1458 1445 apud
1493 1392 1741 1435 Ciceronem

216 1463 324 1507 satis
363 1463 481 1507 facit.
545 1464 680 1507 Adest
722 1462 868 1516 πάθος;
920 1464 1104 1517 requiris
1150 1464 1259 1519 ἦθος.
1330 1464 1483 1517 Itaque
1526 1464 1740 1508 hominem

215 1550 296 1579 non
329 1538 604 1589 miseramur,
636 1538 779 1590 potius
811 1550 1102 1590 aspernamur.
1166 1531 1326 1580 Contra
1358 1538 1452 1591 quis
1484 1551 1566 1580 non
1598 1551 1739 1581 move-

213 1613 284 1652 tur
316 1615 602 1663 conquerente
623 1610 783 1652 Cadmo
816 1610 867 1652 de
898 1613 1036 1651 morte
1066 1609 1246 1651 Penthei
1281 1609 1452 1664 (Bacch.
1486 1613 1592 1652 1302
1612 1611 1738 1665 sqq),

215 1685 259 1723 et
291 1682 459 1735 quidem
493 1695 544 1724 ex
576 1683 724 1725 eodem
756 1682 862 1734 loco,
897 1683 1131 1725 coniunctis
1164 1685 1316 1735 quarto
1350 1686 1394 1724 et
1425 1683 1572 1734 quinto
1605 1683 1737 1738 (1313

212 1753 391 1809 indigna
422 1753 593 1796 fortuna
623 1754 806 1807 pristina
838 1754 1016 1807 patitur,
1054 1757 1162 1795 1316
1198 1752 1438 1800 ὃιατύπωσις
1470 1755 1649 1810 egregia
1682 1776 1736 1791 =

213 1829 313 1868 ante
345 1827 489 1868 oculos
521 1826 761 1879 subiectio).
823 1827 987 1868 Rursus
1019 1826 1123 1868 Hec.
1160 1830 1240 1868 349
1273 1839 1334 1879 sq.
1368 1839 1418 1868 ex
1450 1827 1553 1869 locis
1586 1828 1737 1880 primo,

214 1899 413 1953 secundo,
445 1902 611 1959 quarto,
643 1903 764 1941 sexto
794 1898 898 1954 (349
931 1910 993 1951 sq.
1045 1899 1085 1939 in
1119 1897 1239 1940 bonis
1272 1897 1373 1949 fuit,
1424 1898 1464 1939 in
1498 1899 1623 1941 malis
1656 1905 1735 1943 est.

213 1974 295 2014 359
329 1984 390 2024 sq.
423 1972 465 2013 in
498 1973 621 2013 malis
652 1971 796 2014 futura
828 1975 906 2013 est.
972 1975 1076 2021 350,
1112 1974 1191 2012 357
1226 1970 1404 2025 indigna
1435 1984 1590 2023 genere
1623 1974 1736 2025 pati-

210 2046 292 2086 tur.
357 2047 433 2085 351
469 2050 645 2096 praeter
674 2056 791 2097 spem
825 2044 866 2085 in
899 2043 1085 2085 miseriis
1113 2042 1210 2097 est).
1275 2043 1319 2085 Si
1352 2056 1499 2085 versus
1532 2044 1735 2089 Hecubae

210 2119 432 2158 467—-371
487 2116 733 2158 coniunctos
779 2116 888 2172 legis
920 2129 1013 2158 cum
1047 2118 1129 2157 402
1163 2128 1250 2169 sq.‚
1293 2114 1428 2158 habes
1469 2116 1566 2172 ἦθος
1609 2119 1735 2172 quale

210 2189 346 2230 oritur
377 2201 428 2230 ex
458 2189 551 2230 loco
583 2192 703 2231 sexto
736 2188 913 2231 decimo.

325 2261 420 2304 Alia
452 2261 645 2315 exempla
676 2265 794 2303 sunt:

323 2334 427 2375 Loci
466 2334 640 2376 secundi
689 2334 776 2375 Alc.
811 2337 907 2375 959.
968 2333 1122 2374 Bacch.
1172 2337 1293 2375 1359.
1357 2334 1513 2377 Troad.
1558 2340 1640 2378 674
1673 2336 1735 2392 ἆρ’

208 2405 279 2447 οὐκ
308 2402 469 2447 ’ἐλάσσω
502 2418 592 2459 sqq.

327 2479 428 2522 Loci
462 2478 593 2522 tertii.
657 2477 812 2520 Troad.
848 2480 929 2520 752
963 2477 994 2517 ὦ
1026 2492 1125 2517 νεων
1156 2493 1191 2517 κ.
1223 2493 1254 2518 τ.
1286 2478 1321 2518 λ.

322 2552 421 2594 Loci
454 2551 610 2604 quarti.
674 2550 803 2593 Andr.
841 2553 934 2592 113.
997 2550 1048 2591 H.
1083 2550 1129 2591 F.
1169 2553 1291 2592 1306.

319 2623 421 2665 Loci
452 2623 601 2676 quinti.
664 2622 820 2665 Troad.
853 2625 937 2664 466
972 2623 1067 2675 (per
1096 2625 1232 2664 totam
1266 2624 1538 2678 orationem).

319 2694 422 2736 Loci
462 2694 635 2748 septimi
682 2694 945 2750 (obsecratio
985 2707 1062 2746 per
1108 2693 1268 2737 liberos
1310 2696 1424 2749 etc).
1490 2697 1601 2740 Med.
1636 2702 1732 2742 252.

203 2764 275 2809 Or.
309 2768 405 2808 669.
