1910 3154
898 117 952 159 33

285 229 408 285 Apud
427 229 677 286 Euripidem
708 229 867 286 σημεῖον
892 242 973 272 non
1006 232 1073 273 est
1103 227 1277 273 verbum
1297 227 1405 271 artis
1434 224 1677 281 proprium:

167 307 349 357 tantum,
380 302 454 346 ubi
485 307 780 360 argumentum
813 302 1046 356 significat,
1095 316 1170 356 pro
1203 315 1252 345 eo
1285 304 1371 344 stat
1404 300 1515 355 quod
1547 299 1680 342 oculis

170 376 359 419 cernitur
400 375 457 431 (ἐξ
498 375 709 432 ὁρωμένων
752 374 918 431 Anax.).
989 376 1057 417 Ita
1098 376 1141 417 in
1185 375 1287 417 Hec.
1333 377 1471 425 1009,
1520 372 1678 414 Phoen.

173 452 309 502 1332,
358 449 447 493 Alc.
483 453 578 493 733.
639 449 734 493 Uno
765 449 806 491 in
838 449 931 492 loco
963 448 1089 492 Thes.
1120 447 1199 503 frg.
1235 451 1315 491 385
1349 447 1573 490 coniuncta
1603 445 1679 488 ha-

174 520 251 565 bes
283 526 392 579 σαφῆ
424 523 629 579 τεκμήρια,
663 522 824 578 σημεῖον
854 521 990 577 σαφές,
1031 522 1082 564 de
1108 521 1351 564 litterarum
1370 520 1512 562 ductu.
1573 518 1682 561 Fere

170 594 368 639 Similiter
398 596 500 639 Hec.
537 599 659 654 1273,
690 593 804 643 κυνὸς
835 594 1020 650 ταλαίνης
1053 593 1173 650 σῆμα,
1203 593 1397 640 ναυτίλοις
1427 592 1588 647 τέκμαρ.

287 668 464 722 Saepius
496 668 794 722 frequentatur
831 668 1052 723 τεκμήριον.
1113 667 1169 709 Et
1200 667 1382 721 primum
1412 665 1585 720 quidem
1617 667 1684 707 est

173 740 343 794 aliquod
373 741 505 784 oculis
547 739 717 796 obyium
748 740 872 783 Thes.
906 739 1004 793 frgt.
1040 742 1143 794 385,
1177 742 1215 782 2.
1276 739 1434 781 Electr.
1469 741 1550 781 575
1594 735 1685 791 (ubi

173 813 396 856 coniuncta
413 812 546 856 habes
567 812 786 869 χαρακτὴρ,
817 811 1055 869 συμβόλοις).
1089 813 1282 855 Alterum
1306 811 1434 854 estid
1465 812 1541 864 per
1572 809 1684 863 quod

174 887 394 938 spectatur
424 889 567 929 utrum
598 885 761 939 aliquid
793 885 850 928 sit
870 898 1008 928 annon
1040 884 1097 928 sit
1127 897 1273 928 verum
1304 888 1349 928 et
1369 883 1537 927 bonum.
1569 881 1683 925 Med.

176 960 256 1000 517
290 961 423 1014 σαφῆς
457 958 704 1013 (respicitur
734 958 790 1001 ad
819 958 998 1013 Lydium
1040 958 1226 1012 lapidem
1257 961 1299 1000 et
1331 956 1577 1009 adiungitur
1607 968 1687 997 vox

173 1029 406 1086 χαρακτὴρῖ
451 1030 501 1074 cf.
534 1031 725 1085 Hyperid
754 1031 852 1085 frgt.
887 1034 968 1073 229
1002 1030 1049 1073 Ο.
1083 1031 1129 1073 A.
1165 1030 1230 1085 2);
1273 1030 1400 1084 Hipp.
1435 1033 1516 1072 925
1550 1028 1686 1085 σαφές.

174 1104 261 1146 Ion.
293 1107 373 1147 237
405 1104 545 1160 χρόνος
578 1103 705 1150 δείξει.
765 1104 814 1146 In
856 1117 939 1158 qua
970 1102 1283 1159 significatione
1314 1103 1487 1156 propius
1520 1102 1685 1145 accedit

177 1176 232 1219 ad
262 1189 385 1220 usum
415 1177 699 1220 Anaximenis.
761 1176 865 1219 Inde
908 1180 974 1219 est
1004 1176 1169 1219 firmum
1201 1179 1523 1232 argumentum:
1564 1175 1685 1230 Frgt.

176 1250 325 1292 incert.
359 1253 466 1304 890,
508 1249 560 1305 μὴ
593 1250 700 1306 λόγῳ
741 1250 868 1304 μόνον,
903 1248 1005 1305 ἔργῳ
1035 1247 1090 1291 δὲ.
1151 1250 1183 1292 Ι.
1218 1250 1263 1291 Τ.
1298 1253 1394 1292 808.
1467 1249 1574 1291 Dan.
1607 1248 1685 1302 frg.

179 1325 274 1365 324.
339 1321 583 1365 Extremum
624 1323 861 1376 exemplum
902 1322 1002 1378 (frg.
1038 1323 1139 1377 324)
1177 1321 1357 1364 finitioni
1399 1322 1687 1364 Aristoteleae

178 1395 432 1449 respondet:
479 1396 517 1441 ἐξ
549 1397 601 1437 ὧν
634 1395 781 1450 γίνεται
811 1396 1074 1451 συλλόγισμος
1106 1395 1202 1450 (Rh.
1237 1398 1274 1448 2,
1309 1398 1346 1450 2,
1383 1395 1466 1450 17).
1527 1396 1591 1438 De
1622 1394 1688 1438 his

181 1481 288 1523 quae
320 1468 468 1522 attuli,
513 1468 630 1511 locus
662 1473 729 1511 est
769 1468 1045 1520 dubitationi;
1089 1481 1225 1522 pauca
1272 1472 1413 1522 certe,
1458 1481 1565 1521 quae
1603 1469 1689 1511 iam

180 1540 378 1594 apposita
417 1544 537 1595 sunt,
569 1541 808 1583 rhetoricos
854 1541 1026 1595 sapiunt
1057 1540 1160 1583 Oen.
1202 1540 1303 1596 frgt.
1339 1544 1443 1583 578:
1490 1540 1687 1584 Phoenic.

179 1612 279 1667 frgt.
313 1616 408 1656 808.
470 1613 547 1656 Cui
577 1614 752 1656 tertium
783 1613 919 1656 addas
951 1626 1002 1656 ex
1032 1613 1216 1656 Hercule
1249 1613 1433 1657 Furente
1466 1616 1562 1657 713.

352 1684 400 1727 A.
463 1687 568 1727 δοκῶ
601 1684 668 1741 μὲν
701 1685 836 1742 αὐτὴν,
869 1688 923 1733 ὡς
955 1685 1118 1742 θύραθεν
1151 1685 1316 1738 εἰκάσαι,

353 1758 407 1801 Λ.
453 1759 489 1799 τί
517 1764 679 1815 χρῆμα;
713 1761 827 1815 δόξης
857 1760 970 1814 τῆσδ’
1004 1758 1108 1815 ἔχεις
1139 1760 1373 1815 τεκμήριονς

184 1830 304 1882 Quod
350 1831 449 1874 dum
490 1832 622 1887 legis,
668 1832 710 1874 in
753 1832 999 1875 memoriam
1046 1832 1160 1874 redit
1201 1835 1499 1887 argumentum
1529 1832 1633 1875 illud
1664 1833 1689 1886 ἡ

184 1903 282 1956 δόξα
310 1906 378 1945 τοῦ
408 1904 587 1959 λέγοντος
627 1905 679 1948 de
712 1918 793 1959 quo
824 1905 1107 1948 Anaximenes
1140 1905 1331 1959 disputat
1362 1907 1416 1961 (c.
1447 1910 1511 1960 15,
1546 1905 1602 1960 6).

291 1973 491 2031 ’Έλεγχος
522 1978 633 2031 apud
651 1979 952 2021 Anaximenem
983 1982 1049 2021 est
1080 1979 1099 2019 ὁ
1134 1977 1186 2033 μὴ
1215 1976 1376 2020 δυνατὸν
1402 1976 1532 2024 ἄλλως
1564 1976 1692 2034 ἔχειν,

184 2049 295 2104 quod
326 2049 498 2104 quidem
529 2062 551 2093 e
582 2063 725 2094 rerum
755 2055 909 2094 natura
933 2051 1222 2094 necessarium
1254 2054 1321 2093 est
1350 2053 1403 2105 (c.
1424 2050 1508 2107 14).
1570 2052 1694 2106 Apud

184 2121 460 2164 Aristotelem
488 2122 713 2165 refutando
745 2122 994 2175 adhibetur3
1042 2122 1205 2179 ἔλεγχος
1238 2122 1447 2179 συναγωγὴ
1480 2127 1556 2165 τῶν
1589 2124 1695 2166 ἀντι-

181 2192 373 2249 κειμένων
405 2193 501 2249 (Rh.
537 2197 573 2247 3,
608 2198 646 2249 9,
679 2198 703 2237 8
736 2207 799 2249 cp.
833 2195 872 2238 S.
903 2195 953 2237 E.
990 2199 1025 2247 1,
1059 2198 1113 2248 3).
1179 2195 1445 2252 „Redarguit
1476 2197 1546 2250 qui
1578 2197 1695 2239 colli-

183 2265 247 2320 git
295 2266 406 2319 quod
455 2270 668 2322 repugnat
720 2267 758 2309 ei
810 2267 922 2320 quod
976 2266 1029 2309 ab
1073 2267 1320 2310 adversario
1362 2272 1558 2311 coactum
1601 2269 1693 2312 est“

185 2336 344 2392 (Waitz
377 2350 443 2391 ap.
477 2337 591 2392 Cope
621 2337 915 2381 Introduction
956 2342 1000 2380 to
1033 2339 1277 2382 Aristotle's
1310 2340 1512 2382 Rhetoric
1543 2353 1582 2393 p.
1612 2343 1695 2382 262

183 2408 316 2466 note).
388 2409 479 2453 HOC
519 2410 632 2453 idem
679 2409 781 2454 alibi
822 2411 909 2454 ita:
956 2409 997 2452 τὸ
1039 2409 1086 2452 τὰ
1126 2410 1476 2468 ἀνομολογούμενα
1517 2411 1695 2468 συνάγειν

183 2482 282 2539 (Rh.
317 2485 355 2534 2,
387 2485 454 2535 22,
491 2486 572 2535 15).
635 2483 756 2535 Quod
803 2497 907 2541 ergo
952 2485 1064 2538 apud
1106 2485 1289 2527 alterum
1320 2489 1388 2529 est
1417 2485 1696 2539 probationis,

182 2554 296 2598 idem
327 2555 443 2608 apud
473 2556 657 2598 alterum
687 2555 973 2599 refutationis.
1034 2555 1222 2599 Primum
1253 2561 1397 2600 autem
1429 2558 1542 2611 apud
1573 2559 1696 2602 Euri-

182 2627 327 2681 pidem
357 2631 423 2671 est
452 2628 732 2683 interrogatio
767 2629 832 2684 (ut
862 2630 1050 2673 testium.
1094 2629 1235 2680 Quint.
1270 2634 1308 2685 5,
1342 2635 1380 2683 7,
1414 2633 1512 2685 26),
1553 2632 1697 2685 itaque

182 2701 227 2744 in
258 2700 443 2744 Hercule
474 2701 662 2746 Furente
695 2702 747 2746 de
778 2703 923 2757 pueris
953 2703 1086 2746 multa
1117 2715 1246 2757 super
1277 2702 1501 2747 absentem
1531 2708 1700 2758 patrem

185 2772 489 2829 quaerentibus
522 2774 629 2828 (73).
690 2775 795 2817 Inde
835 2779 1039 2830 tanquam
1071 2774 1252 2819 obrussa
1285 2777 1497 2830 quaedam
1528 2781 1595 2819 est
1627 2777 1697 2831 (H.

184 2847 232 2891 F.
265 2845 482 2904 δυσπραξία
514 2878 522 2888 .
554 2879 563 2888 .
599 2881 607 2889 .
639 2847 764 2904 φίλων
797 2847 960 2906 ἔλεγχος
991 2852 1058 2904 59,
1081 2848 1134 2893 cf.
1160 2852 1255 2902 162,
1288 2849 1503 2899 Alc.640).
1537 2849 1702 2893 Deinde

1324 2926 1347 2968 3
