1910 3154
961 55 1007 114 21

230 168 295 211 sin
327 169 537 223 insignes,
571 181 621 211 eo
654 168 910 223 insigniores
941 167 1101 211 habeas
1133 168 1245 221 quod
1277 168 1493 214 clausulae
1523 179 1748 210 numerose

232 241 459 296 cadentes,
501 241 564 285 ita
604 240 718 284 inter
759 253 806 285 se
846 242 1107 296 respondent
1146 245 1194 285 ut
1224 240 1365 285 brevis
1396 240 1536 296 brevi,
1583 240 1748 294 longior

233 314 416 367 longiori
446 314 682 357 succedens
713 314 957 368 rhythmum
987 315 1202 367 pedestris
1234 314 1442 357 sermonis
1474 312 1673 356 efficiant.

347 400 411 445 Ne
441 401 542 457 quid
573 401 698 455 desit,
730 400 863 446 habes
892 401 1186 456 adiectionem,
1219 402 1285 446 vel
1315 400 1743 457 conduplicationem,

229 474 360 529 ἦλθες,
393 473 512 528 ἦλθες
544 477 628 517 468
660 473 835 525 (Cornif.
868 478 907 526 4,
942 478 1008 525 28,
1043 478 1109 516 38.
1170 475 1457 517 Vehementer
1499 474 1742 517 auditorem

230 549 466 590 commovet
498 545 689 590 eiusdem
718 546 1031 602 redintegratio
1062 544 1183 589 verbi
1224 549 1267 589 et
1302 546 1452 590 vulnus
1481 545 1619 589 maius
1651 544 1740 588 effi-

230 618 288 661 cit
318 619 362 660 in
394 618 608 661 contrario
640 630 817 669 causae,
866 618 988 672 quasi
1020 618 1192 671 aliquod
1225 618 1357 660 telum
1389 618 1561 671 saepius
1591 630 1740 671 perve-

228 691 319 734 niat
349 690 392 734 in
423 690 602 734 eandem
633 691 824 745 corporis
856 690 1055 745 partem).
1117 689 1263 734 Habes
1300 702 1467 745 quoque
1499 702 1740 745 oxymoron,

228 760 333 816 (514
363 761 482 802 καλόν
513 761 549 815 γ’
583 759 762 816 ὄνειδος).

343 847 479 891 Poeta
510 860 611 903 ergo
643 847 882 902 sophistae,
929 848 1058 891 etiam
1093 848 1205 891 inter
1245 847 1396 891 fluctus
1427 849 1613 903 irarum,
1658 862 1740 891 non

228 921 508 964 obliviscitur.
570 920 756 976 Γοργιεῖα
798 921 967 974 quidem
1008 921 1185 976 ῥήματα,
1229 921 1311 964 nisi
1349 921 1394 963 in
1434 921 1619 964 Hercule
1658 923 1739 965 Fu-

226 997 348 1037 rente
379 993 448 1036 vix
477 993 694 1047 reperias;
736 992 897 1049 figuras
927 992 1058 1035 vides.
1127 993 1238 1035 Illud
1269 996 1411 1036 autem
1442 994 1573 1036 etiam
1604 996 1739 1049 magis

227 1078 278 1108 ex
297 1077 415 1108 more
438 1065 727 1119 sophistarum
747 1069 826 1119 est,
857 1067 905 1107 ut
921 1063 1141 1119 ἀντιλογίας
1165 1068 1300 1107 amet:
1332 1077 1467 1118 neque
1497 1065 1573 1120 ita,
1607 1066 1739 1108 Phae·

228 1138 363 1189 dram,
395 1141 443 1180 ut
474 1138 664 1190 exemplo
694 1140 806 1191 utar,
838 1137 1079 1190 loquentem
1104 1137 1266 1179 inducit
1295 1141 1343 1179 ut
1372 1150 1454 1180 non
1485 1138 1632 1180 statim
1664 1152 1738 1181 nu-

227 1210 312 1253 trix
354 1212 504 1253 contra
546 1210 674 1253 dicat.
734 1209 791 1252 Et
820 1208 973 1252 Medea
1010 1209 1303 1262 desaeviente,
1347 1222 1429 1252 non
1460 1210 1559 1253 silet
1587 1211 1737 1254 Iason:

227 1287 438 1326 commota
469 1283 558 1335 illa,
590 1283 658 1325 hic
685 1283 963 1337 tranquillus3
1012 1281 1086 1325 illa
1117 1281 1367 1337 exprobrat,
1410 1284 1479 1326 hic
1508 1284 1735 1327 ratiocina-

226 1360 309 1399 tur.
372 1355 493 1407 Quod
527 1368 608 1409 quo
638 1356 775 1410 magis
806 1355 985 1407 eluceat,
1019 1356 1222 1399 orationis
1244 1357 1366 1410 quasi
1381 1369 1534 1400 nervos
1566 1363 1609 1401 et
1639 1371 1738 1401 ossa

227 1429 429 1483 aperiam.
544 1471 549 1476 ,

224 1503 410 1546 Prooe.
446 1495 626 1545 522—5.

343 1579 379 1618 1.
442 1575 554 1619 Cura
584 1573 666 1617 sibi
695 1574 739 1617 in
770 1573 949 1617 dicendo
978 1587 1084 1628 opus
1106 1587 1200 1618 esse
1220 1575 1471 1630 (ἐλαττώσεις
1492 1578 1570 1620 An.
1590 1581 1656 1630 37,
1673 1580 1731 1634 4).

342 1650 378 1690 2.
439 1646 741 1690 Adversarium
772 1647 1048 1700 reprehendit
1080 1648 1267 1704 (διαβολὴ
1308 1647 1395 1705 περὶ
1425 1648 1488 1691 τὸν
1521 1651 1658 1704 λόγον;
1691 1652 1734 1694 in

451 1718 746 1775 respondendo
777 1718 972 1776 λοιδορίαν
1005 1720 1259 1775 ἐγκαλοῦντες
1291 1735 1325 1766 c.
1360 1725 1426 1766 37.
1460 1723 1482 1780 ξ
1518 1724 1601 1780 12).

223 1810 500 1853 Narratio
548 1811 757 1851 526—33.
812 1806 973 1864 [Possis
1021 1810 1152 1852 etiam
1192 1810 1438 1864 probationi
1481 1812 1730 1870 adiungere]

280 1883 440 1939 (Quint.
472 1885 512 1934 4,
545 1884 582 1932 2,
617 1884 683 1924 66.
758 1881 845 1923 Res
891 1885 1041 1925 contra
1082 1895 1172 1926 nos.
1227 1884 1248 1939 ξ
1283 1886 1348 1927 76.
1394 1884 1545 1928 eadem
1602 1898 1729 1939 expo-

278 1967 425 1998 nemus
466 1987 475 1997 .
508 1987 517 1995 .
558 1953 635 1996 sed
673 1965 757 1995 non
797 1953 946 1996 eodem
987 1954 1135 2006 modo;
1182 1955 1290 1998 alias
1332 1968 1485 1999 causas
1517 1988 1527 1999 .
1562 1990 1570 1999 .
1603 1957 1728 2000 dabo.

277 2029 349 2071 Ar.
380 2026 459 2069 Rh.
493 2030 531 2081 3,
567 2029 632 2080 16,
665 2028 688 2067 6
729 2024 1036 2082 ἀπολογουμένῳ
1068 2025 1239 2068 ἐλάττων
1270 2028 1296 2083 ἡ
1327 2028 1521 2084 διήγησις.
1596 2030 1728 2073 Anax,

279 2103 345 2151 37,
379 2102 446 2142 27.
508 2098 542 2139 εἰ
571 2095 620 2138 τὰ
650 2095 863 2153 πράγματα
893 2095 1009 2139 πιστὰ
1038 2092 1090 2154 ᾖ,
1123 2098 1192 2154 τὴν
1225 2097 1322 2156 ὑπὲρ
1354 2099 1481 2142 αὐτῶν
1514 2100 1730 2157 ἀπολογίαν

277 2170 339 2215 ἐπὶ
370 2170 433 2214 τὸν
465 2172 509 2213 ἐκ
538 2173 607 2213 τοῦ
637 2171 979 2227 παραλειπομένου
1010 2172 1124 2214 τόπον
1159 2172 1518 2231 μεταβιβάζοντες).

219 2260 364 2304 Prob
383 2260 507 2304 atio
540 2263 779 2302 534—567.

333 2334 382 2377 A.
444 2331 747 2376 Refutatio
768 2335 992 2376 534--546
1013 2334 1074 2390 [ἐκ
1091 2336 1158 2375 τοῦ
1174 2335 1545 2395 παραλειπομένου]
1581 2338 1730 2381 (Anax.

450 2409 518 2460 37,
544 2408 594 2447 27
628 2408 751 2447 ταῦτα
779 2406 1011 2462 προθέμενοι
1043 2406 1139 2462 μετὰ
1171 2407 1213 2449 τὸ
1245 2409 1446 2464 προοίμιον
1481 2409 1729 2467 διαλύσομεν.

447 2477 499 2522 cf.
531 2478 553 2533 ξ
586 2480 640 2521 30
673 2479 927 2536 δικαιότερα).

335 2571 371 2610 1.
432 2565 656 2609 Prothesis
689 2569 856 2610 534—5
889 2567 1039 2622 (Anax.
1072 2568 1098 2610 l.
1132 2568 1201 2623 c.).

333 2642 371 2683 2.
432 2638 708 2694 Argumenta.
770 2652 807 2684 a.
840 2640 1066 2684 Graeciam
1081 2644 1233 2684 nactus
1251 2655 1309 2685 es.
1371 2642 1411 2685 b.
1436 2656 1589 2687 nomen
1610 2648 1731 2688 tuum

445 2710 660 2754 inclaruit.

334 2787 371 2829 3.
433 2782 657 2830 Sententia
694 2783 847 2841 (Anax.
880 2788 947 2841 37,
982 2790 1032 2831 15
1066 2787 1249 2845 βεβαιοῦν
1282 2821 1290 2829 .
1325 2822 1333 2831 .
1367 2822 1376 2831 .
1410 2789 1731 2846 γνωμολογίαις).
