1910 3154
922 58 947 98 8

167 171 334 225 ripideo
365 171 480 214 infra
522 172 717 215 dicturus
765 171 835 214 hic
866 171 980 214 viam
1012 175 1181 215 tantum
1220 173 1528 226 praemuniam.
1590 172 1702 215 Mira

172 244 344 298 quidem
374 245 419 287 in
452 249 549 288 arte
582 257 660 288 sua
686 245 931 299 Antiphon:
965 245 1128 301 σημεῖον
1159 242 1226 286 καὶ
1255 246 1465 302 τεκμήριον
1499 244 1700 301 διαφέρεις

166 314 367 373 Ἀντιφῶν
399 318 438 358 ἐν
469 321 517 373 τῇ
556 317 676 374 τέχνῃ
722 316 770 358 τὰ
812 316 879 373 μὲν
911 318 1189 375 παρῳχημένα
1232 318 1411 374 σημείοις
1452 318 1701 370 πιστοῦσθαι,

170 388 219 431 τὰ
250 389 294 431 δὲ
327 391 520 446 μέλλοντα
557 391 783 448 τεκμηρίοις
825 391 944 446 (frgt.
978 395 1046 444 74,
1080 391 1129 434 Ο.
1162 393 1211 433 Α.
1244 395 1282 434 2.
1315 405 1355 446 p.
1393 392 1505 446 145).
1568 391 1702 443 Quem

170 466 317 506 tamen
350 476 431 520 ego
473 464 615 508 iudico
658 464 761 508 illud
792 464 1009 519 voluisse,
1056 464 1224 508 scilicet
1265 465 1491 522 τεκμηρίοις
1529 464 1704 522 χρῆσθαι

169 537 250 585 τοῖς
280 538 467 595 πρότερον
500 538 724 595 γενομένοις
756 536 843 595 περὶ
874 545 949 580 τῶν
994 538 1215 594 μελλόντων
1260 537 1421 581 ἔσεσθαι
1451 538 1627 592 (Andoc.
1662 540 1701 594 3,

173 611 231 665 2).
294 612 358 654 De
391 612 597 666 exemplis
630 613 814 666 cogitat3
857 616 1002 655 tamen
1024 610 1167 655 'nemo
1200 616 1477 667 praeceptum
1509 612 1703 666 sequitur

171 680 429 736 (Volkmann
466 684 579 738 197).
655 682 815 726 Orator
855 683 948 736 ipse
995 695 1091 725 cum
1122 682 1313 726 Rhetore
1358 696 1441 726 non
1473 681 1700 726 consentit.

170 754 219 796 In
252 754 521 798 orationibus
554 756 680 810 enim,
715 757 777 811 „si
809 769 861 797 ex
892 756 1131 809 contrario,
1172 756 1217 795 ἐκ
1248 758 1317 796 τοῦ
1349 755 1538 808 ἐναντίου,
1572 767 1701 810 argu-

169 831 401 883 mentatur,
435 828 615 883 μέγιστον
648 829 726 872 hoc
760 829 865 871 dicit
896 828 1132 884 τεκμήριον“
1168 828 1384 883 (Spengel.
1419 830 1549 871 Anax.
1585 828 1700 882 161)-

171 900 346 943 Diserte
377 901 491 943 idem
523 902 676 953 εἰκότα,
724 903 919 958 τεκμήρια
961 902 1076 944 inter
1116 913 1162 943 se
1195 902 1371 955 opponit
1419 901 1553 954 (Tetr.
1586 901 1633 942 A.
1665 901 1701 942 δ.

177 974 261 1028 10).
324 974 372 1016 In
404 975 497 1018 loco
528 988 612 1018 uno
655 975 713 1031 (1,
752 979 817 1029 11,
855 977 924 1026 12)
956 979 1024 1017 ter
1055 974 1270 1028 Antiphon
1303 973 1477 1017 verbum
1510 972 1700 1028 adhibet,

172 1045 247 1089 ubi
278 1046 331 1090 de
364 1048 591 1091 tormentis
623 1060 765 1091 sermo
799 1053 889 1099 est,
938 1051 987 1091 ut
1029 1050 1096 1090 est
1128 1046 1242 1100 apud
1275 1047 1456 1089 eundem
1488 1046 1531 1088 in
1562 1046 1700 1089 altero

173 1119 267 1162 loco
309 1119 377 1162 bis
422 1121 480 1174 (5,
514 1121 588 1175 38)
633 1120 676 1162 in
717 1121 849 1163 tertio
892 1124 950 1172 (6,
987 1120 1059 1174 27)
1091 1118 1183 1171 bis,
1217 1123 1261 1161 et
1293 1119 1407 1172 apud
1437 1118 1608 1173 Lysiam
1641 1120 1699 1171 (4,

177 1192 260 1244 12).
336 1192 554 1245 Antiphon
598 1192 667 1246 (5,
701 1195 800 1246 38),
847 1192 1002 1246 Lysias
1043 1193 1102 1243 (4,
1140 1194 1210 1238 12)
1254 1190 1497 1233 Andocides
1537 1191 1597 1243 (l,
1629 1193 1703 1240 24)

174 1263 307 1305 verba
337 1264 558 1319 τεκμήριον·
581 1268 625 1307 et
656 1263 821 1320 ἔλεγχον
854 1268 902 1306 ut
933 1264 1090 1306 similia
1123 1268 1168 1305 et
1197 1263 1321 1316 paria
1353 1262 1569 1305 adhibent.
1603 1261 1703 1305 Om-

173 1334 273 1377 nino
329 1335 607 1389 comparandi
653 1339 750 1379 sunt
797 1336 912 1378 inter
964 1347 1010 1378 se
1051 1334 1337 1378 Anaximenes
1396 1338 1439 1377 et
1489 1334 1703 1388 Antiphon

175 1407 292 1460 (Ant.
327 1411 366 1458 6,
400 1412 449 1450 31
496 1409 693 1464 τεκμήρια
733 1409 772 1454 ἐξ
815 1408 945 1449 αὐτῶν
990 1412 1067 1448 τῶν
1106 1406 1232 1462 ἔργων
1267 1439 1275 1447 .
1312 1439 1321 1447 .
1357 1439 1364 1446 .
1398 1439 1406 1446 .
1442 1405 1582 1453 αὐτοὺς
1628 1405 1702 1448 ὑπὸ

176 1483 288 1535 σφῶν
328 1479 459 1522 αὐτῶν
502 1479 851 1537 ἐξελεγχομένους.
914 1479 967 1523 cf.
1002 1481 1135 1523 Anax.
1169 1492 1205 1522 c.
1242 1483 1294 1521 10
1335 1480 1415 1525 τοῖς
1447 1478 1706 1535 συμβαίνουσι

175 1550 263 1609 περὶ
308 1551 373 1595 τὸν
415 1554 532 1609 λόγον
576 1556 602 1610 ἢ
645 1552 715 1610 τὴν
762 1554 897 1610 πρᾶξιν
950 1553 1214 1608 ἐναντιώμασι
1261 1567 1536 1607 τεκμαιρονται
1582 1550 1704 1608 μηδὲν

176 1625 282 1681 ὑγιὲς
314 1625 446 1682 εἶναι).
520 1629 556 1670 Α
588 1628 744 1682 populo
783 1631 1033 1670 mutuantur
1064 1638 1142 1669 sua
1183 1628 1404 1676 oratores;
1448 1625 1706 1669 Aristoteles

176 1713 200 1744 e
233 1700 486 1744 dialectica:
528 1700 780 1755 popularem
820 1712 944 1743 usum
990 1698 1219 1755 restringit
1262 1697 1568 1750 Anaximenes,
1610 1711 1705 1742 cum

177 1786 260 1827 quo
300 1774 574 1817 consentiens
615 1773 678 1816 ait
708 1773 832 1816 Plato
873 1772 1052 1828 (Phaed.
1088 1775 1153 1814 68.
1187 1771 1265 1825 B):
1309 1770 1520 1825 τεκμήριον
1566 1768 1706 1826 ἄνδρας

178 1878 188 1887 .
209 1880 217 1889 .
237 1879 246 1887 .
271 1879 279 1887 .
316 1847 358 1888 ὅν
391 1846 436 1888 ἂν
466 1844 554 1903 ἴδῇς
584 1847 881 1901 ἀγανακτοῦντα
906 1877 1091 1887 ......
1125 1845 1183 1886 ὅτι
1215 1843 1286 1886 οὐκ
1309 1841 1381 1899 ἔφ’
1403 1843 1450 1899 ἦν
1476 1843 1705 1900 φιλόσοφος.

175 1918 434 1962 Aristoteles
475 1924 594 1963 certe
639 1919 685 1962 id
727 1919 781 1962 de
825 1919 914 1962 suis
955 1919 1117 1961 diserte
1158 1916 1349 1960 affirmat
1388 1916 1433 1958 in
1463 1916 1706 1961 Rhetoricis

178 1993 407 2049 (τεκμήριον
439 2012 493 2028 =
525 1992 715 2048 πρότασις
746 1991 944 2045 ἀναγκαία
976 1992 1099 2034 Anal.
1142 1990 1272 2044 prior.
1310 1992 1348 2043 2,
1383 1991 1436 2030 27
1469 1987 1521 2031 cf.
1553 1989 1632 2032 Rh.
1670 1994 1706 2043 1,

178 2069 216 2118 2,
253 2070 305 2109 14
337 2066 463 2120 sqq.)
538 2065 780 2109 Secundum
811 2064 1091 2108 Aristotelem
1124 2063 1438 2115 Quintilianus:
1482 2060 1601 2112 Quae
1631 2075 1705 2105 ne-

176 2139 368 2181 cessaria
399 2142 511 2190 sunt,
546 2138 703 2181 Graeci
734 2142 890 2181 vocant
920 2137 1114 2192 τεκμήρια
1146 2137 1205 2190 (5,
1239 2139 1278 2187 9,
1313 2135 1370 2189 3).
1653 2134 1656 2137 ’

294 2211 413 2263 Quae
445 2215 600 2266 quarto
632 2212 726 2254 loco
745 2211 869 2254 Plato
902 2210 1036 2251 εἰκότα
1065 2208 1211 2260 habet,
1245 2207 1395 2251 eadem
1418 2205 1707 2257 Quintilianus

179 2285 326 2328 statim
359 2289 458 2339 post
488 2285 684 2341 τεκμήρια
712 2288 903 2327 tractat:
938 2284 1032 2326 Alia
1064 2286 1163 2326 sunt
1192 2281 1318 2338 signa
1348 2292 1431 2323 non
1462 2282 1710 2324 necessaria

181 2372 288 2414 quae
329 2360 463 2401 εἰκότα
495 2359 653 2402 Graeci
696 2361 851 2401 vocant
883 2392 890 2399 .
926 2392 934 2400 .
970 2391 978 2399 .
1025 2356 1203 2412 Signum
1245 2357 1400 2397 vocant
1444 2353 1605 2408 σημεῖον
1648 2354 1707 2408 (5,

180 2437 217 2476 9.
252 2434 274 2489 ἓ
317 2437 356 2486 8,
391 2433 446 2490 9).
526 2432 649 2475 Hanc
691 2435 897 2486 tanquam
952 2430 1088 2473 solum
1135 2428 1502 2483 enthymematum
1546 2424 1709 2470 fontem
1753 2467 1755 2469 ,

178 2508 319 2551 Corax
349 2508 618 2550 tractaverat
649 2506 742 2559 (Ar.
775 2504 855 2547 Rh.
890 2507 928 2557 2,
962 2506 1029 2556 24,
1062 2506 1140 2555 11,
1172 2501 1298 2544 Blass
1330 2501 1419 2543 Att.
1452 2499 1709 2543 Beredsam-

176 2581 267 2623 keit
303 2584 339 2634 1,
372 2582 456 2631 20).
522 2578 643 2631 Quod
683 2578 921 2631 exemplum
953 2579 1021 2618 τοῦ
1055 2576 1203 2622 εἰκότος
1235 2574 1496 2617 Aristoteles
1529 2585 1580 2616 ex
1610 2577 1706 2618 arte

179 2652 354 2697 Coracis
387 2651 548 2706 attulit,
594 2650 711 2694 idem
733 2650 858 2693 Plato
892 2649 1005 2704 apud
1030 2648 1189 2692 Tisiam
1220 2646 1383 2690 invenit
1416 2645 1495 2701 (Pl.
1519 2645 1707 2689 Phaedr.

179 2728 276 2779 273,
308 2726 381 2768 Ar.
414 2725 441 2767 l.
474 2724 543 2779 c.).
605 2723 746 2768 Notae
789 2726 889 2766 sunt
930 2720 1205 2776 Antiphontis
1244 2718 1505 2774 tetralogiae
1547 2732 1598 2762 ex
1628 2719 1709 2763 hoc

176 2799 270 2843 loco
302 2796 526 2843 conflatae.
600 2797 650 2841 In
693 2796 888 2842 oratione
927 2794 1066 2849 prima
1109 2792 1162 2850 (A
1195 2794 1238 2849 α)
1271 2791 1435 2843 sexies,
1481 2791 1525 2835 in
1570 2792 1713 2836 altera
