1910 3154
965 51 989 90 7

216 164 539 219 dispositionem
571 168 614 207 et
645 164 701 207 ad
741 163 972 220 dictionem
1001 164 1221 218 pertinent
1250 176 1359 218 quae
1391 164 1443 206 de
1475 163 1735 206 narrationis

214 238 382 281 ratione
401 237 686 288 Quintilianus
708 237 843 280 tradit
863 251 871 279 τ
908 236 1041 293 „Eam
1062 237 1255 291 plerique
1277 237 1523 291 scriptores,
1552 235 1733 278 maxime

217 308 288 362 qui
318 311 419 351 sunt
450 308 503 350 ab
535 309 739 359 Isocrate,
772 307 919 350 volunt
951 319 1046 350 esse
1074 307 1272 361 lucidam,
1306 306 1490 359 brevem,
1522 305 1732 348 verisimi-

215 378 324 423 lem“
360 380 418 435 (4,
452 383 489 435 2,
524 384 609 435 31).
670 380 759 422 Nec
792 380 920 422 aliter
950 380 1177 434 Dionysius
1209 380 1441 422 Isocrateis
1469 378 1731 432 obsequens:

215 453 287 506 qui
318 452 490 507 Lysiam
531 453 681 495 laudat
711 456 759 495 ut
789 465 982 495 normam
1023 452 1235 506 quandam
1265 452 1390 494 huius
1421 452 1591 505 generis
1620 451 1732 493 unde

214 525 433 569 Rhetorici
465 529 668 580 tanquam
709 538 733 568 a
766 524 884 568 fonte
917 528 1150 579 praecepta
1181 523 1289 567 bene
1321 524 1522 567 narrandi
1554 523 1731 565 trahant

216 597 276 654 (τὸ
321 598 509 654 σύντομον
554 632 561 639 .
598 632 605 639 .
642 634 649 642 ,
691 597 732 639 τὸ
776 593 901 654 σαφές
941 631 950 638 .
985 631 993 638 .
1026 631 1034 638 .
1076 598 1209 653 ἡδεῖαί
1250 614 1290 639 τε
1332 632 1338 639 .
1372 631 1380 638 .
1415 631 1423 638 .
1467 596 1532 638 καὶ
1574 596 1733 638 mewa(

213 684 253 724 p.
290 671 404 724 196).
494 671 778 714 Iucunditatis
823 671 994 725 quidem
1035 674 1314 724 praeceptum
1363 671 1416 713 ad
1458 670 1732 713 Theodecten

215 742 467 796 discipulum
500 743 785 794 Quintilianus
816 742 976 785 refert:
1027 742 1260 796 eodemque
1301 743 1417 785 aliud
1456 743 1509 785 de
1539 741 1732 796 magnifi-

215 815 355 857 centia
387 815 452 868 (4,
495 818 541 868 2,
574 816 746 869 61—3).
823 816 878 856 At
928 814 1154 856 brevitatis
1195 818 1472 868 praeceptum
1518 827 1600 857 non
1639 814 1730 857 sine

213 887 410 929 irrisione
440 888 694 930 Aristoteles
718 887 965 941 contemnit,
997 887 1205 929 invidiose
1229 887 1519 941 interpretans
1551 887 1729 943 (ταχεῖαν

213 959 292 1001 Rh.
327 963 364 1012 3,
402 963 466 1011 16,
499 963 547 1012 4,
593 959 735 1010 Quint.
769 957 896 1015 §32).
957 959 1129 1001 Modum
1168 959 1323 1001 iustum
1366 959 1454 1001 iam
1496 962 1596 1001 ante
1627 959 1730 1001 Pro-

215 1031 335 1075 dicus
366 1033 510 1074 ridens
541 1031 826 1085 probaverat:
869 1032 979 1074 unde
1011 1044 1087 1074 sua
1119 1032 1376 1075 Aristoteles
1407 1033 1562 1084 traxit,
1596 1033 1632 1074 si
1662 1045 1730 1074 re-

212 1117 314 1147 vera
346 1105 450 1147 haec
482 1108 580 1147 sunt
612 1104 856 1147 Aristotelis
889 1104 968 1156 (Pl.
1001 1103 1184 1146 Phaedr.
1219 1107 1314 1146 267.
1342 1105 1388 1147 B.
1423 1104 1629 1159 συντομίαν
1661 1105 1731 1145 λό-

213 1191 293 1231 γων
326 1209 506 1218 .....
550 1177 716 1231 ἐγέλασε
748 1209 756 1218 .
790 1209 798 1217 .
835 1209 842 1217 .
877 1209 885 1216 .
921 1176 1086 1232 μετρίων
1129 1176 1293 1229 γελοίως
1339 1211 1346 1219 .
1382 1209 1390 1217 .
1425 1210 1432 1217 .
1468 1210 1475 1217 .
1510 1175 1603 1217 οὐδὲ
1635 1210 1643 1217 .
1677 1209 1684 1217 .
1719 1207 1730 1218 .

213 1247 255 1290 τὸ
288 1250 488 1304 συντόμως
520 1248 623 1291 ἀλλὰ
652 1248 694 1290 τὸ
726 1249 891 1305 μετρίως
923 1250 992 1291 Ar.
1026 1250 1052 1291 l.
1086 1250 1153 1303 c.).
1216 1250 1409 1304 Denique
1451 1251 1562 1304 quod
1603 1263 1728 1304 prae-

213 1322 278 1375 pit
309 1321 594 1372 Quintilianus
625 1324 684 1376 (4,
718 1325 756 1374 2,
786 1320 888 1373 46):
925 1322 1045 1377 „Non
1075 1322 1276 1364 inornata
1304 1323 1434 1365 debet
1464 1335 1559 1366 esse
1590 1322 1729 1365 brevi-

213 1392 333 1436 tas“:
366 1393 423 1447 id,
457 1394 493 1436 si
524 1395 617 1448 quis
648 1395 770 1446 alius,
802 1394 1024 1447 praestitit
1055 1393 1297 1447 Euripides.

760 1509 836 1559 De
870 1510 1178 1560 Probatione.

329 1607 433 1650 Inde
475 1608 531 1651 ad
562 1608 861 1662 probationem
904 1613 1189 1651 transeamus.
1251 1608 1316 1651 Ad
1358 1620 1484 1661 quam
1525 1608 1731 1650 denotan-

214 1678 313 1722 dam
349 1693 478 1722 unum
518 1685 562 1723 et
600 1682 818 1735 proprium
858 1694 1010 1723 nomen
1042 1682 1085 1722 in
1116 1682 1208 1723 loco
1240 1679 1312 1722 illo
1346 1681 1539 1723 Platonis
1578 1681 1730 1724 deesse

212 1762 342 1805 supra
372 1753 623 1796 monuimus.
685 1753 871 1807 Antipho
909 1754 993 1795 iam
1033 1753 1148 1795 intra
1188 1751 1293 1795 fines
1329 1752 1454 1795 unius
1487 1754 1728 1796 sententiae

214 1826 357 1877 capita
399 1825 534 1868 multa
574 1826 833 1868 incluserat:
878 1826 1018 1878 λόγους
1051 1825 1204 1871 εἰκότας
1238 1857 1244 1864 .
1280 1857 1287 1864 .
1323 1857 1330 1865 .
1364 1824 1453 1871 τοὺς
1487 1825 1685 1881 μαρτύρας
1718 1859 1726 1867 .

217 1927 226 1937 .
259 1929 266 1937 .
303 1930 311 1939 .
344 1898 537 1953 τεκμήρια
580 1897 645 1954 (6,
679 1896 764 1954 31).
840 1895 1125 1940 Artificiosius
1166 1897 1291 1939 Plato
1334 1898 1526 1940 ordinem
1572 1903 1730 1951 servat,

212 1970 288 2012 sed
318 1971 567 2013 testimonia
586 1975 792 2024 tanquam
823 1970 1072 2024 appendicis
1103 1970 1196 2013 loco
1219 1970 1372 2013 statuit
1403 1970 1603 2027 (διήγησίν
1636 1988 1732 2028 τινα,

213 2041 427 2098 μαρτυρίας
458 2043 491 2083 τ’
523 2039 577 2083 ἐπ’
617 2042 729 2098 αὐτῇ,
761 2041 885 2097 τρίτον
917 2043 1132 2098 τεκμήρια,
1166 2042 1347 2097 τέταρτον
1381 2043 1514 2084 εἰκότα
1545 2044 1729 2087 Phaedr.

215 2117 311 2157 267.
344 2115 429 2169 D.).
492 2116 630 2157 Aliter
659 2119 802 2158 tamen
835 2115 1007 2158 ordinat
1039 2116 1335 2168 Anaximenes,
1367 2116 1499 2157 εἰκότα
1529 2118 1734 2171 praemit-

210 2189 306 2229 tens
338 2200 371 2230 c.
406 2191 472 2230 37.
506 2190 528 2243 ς’
563 2188 645 2242 15).
722 2187 825 2230 Cum
856 2187 1036 2230 Platone
1065 2188 1315 2230 testimonia
1345 2189 1589 2245 negligente
1635 2203 1733 2233 con-

211 2260 401 2303 sentiunt
430 2261 493 2303 illi
523 2262 595 2314 qui
637 2265 772 2303 totum
815 2261 895 2303 hoc
936 2273 1069 2314 genus
1110 2260 1384 2305 inartificiale
1424 2276 1449 2305 a
1489 2265 1731 2317 praeceptis

212 2344 431 2375 removere
464 2332 624 2386 (Quint.
659 2336 767 2387 5,=1,
802 2332 858 2388 3).

325 2406 389 2448 De
432 2406 594 2448 Corace
636 2406 837 2459 Tisiaque
879 2418 1009 2459 supra
1059 2407 1166 2449 satis
1212 2407 1370 2450 dictum
1416 2412 1494 2450 est.
1568 2409 1732 2452 Nomen

209 2477 355 2524 πίστεις
387 2478 678 2531 antiquiores,
722 2478 908 2521 seriores
940 2478 1098 2532 ἀγῶνας
1144 2484 1289 2522 amant
1320 2480 1578 2534 (Volkmann
1616 2483 1727 2536 175).

828 2611 905 2660 De
940 2610 1114 2674 Signis.

326 2708 474 2751 Tertio
505 2709 598 2751 loco
630 2709 755 2752 Plato
786 2709 921 2753 habet
951 2710 1169 2766 τεκμήρια,
1212 2708 1465 2754 vocabulum
1506 2712 1733 2755 molestum

208 2785 412 2836 tanquam
445 2780 627 2824 belluam
661 2782 876 2835 quandam
917 2783 1145 2826 multorum
1180 2782 1382 2836 capitum.
1445 2783 1508 2826 De
1539 2796 1617 2827 usu
1648 2784 1732 2827 Eu—
