1910 3154
952 70 1000 109 15

215 189 447 242 praecepta
480 185 773 239 Anaximenis,
819 197 895 238 per
937 182 1230 237 contraposita
1273 184 1317 225 et
1357 186 1642 238 παρηχῃτικῶς
1674 183 1736 225 di-

218 262 350 304 cendo
380 271 597 313 expressa,
630 258 740 312 quod
774 258 898 300 simul
931 259 1121 299 attentos
1154 254 1286 297 faciat
1313 255 1533 299 auditores
1564 257 1643 310 (δεῖ
1673 255 1737 298 τὸν

221 330 500 387 προσεκτικούς
533 331 724 385 μέλλοντα
756 330 877 370 ποιεῖν
910 327 999 374 τοὺς
1032 325 1242 382 ακροατὰς,
1275 325 1340 367 καὶ
1371 327 1496 381 λέγειν
1529 327 1738 383 θαυμαστὰ

219 401 285 445 καὶ
327 401 531 459 παράδοξα
577 403 699 446 Dion.
732 401 828 457 Lys.
860 414 900 455 p.
936 402 1051 453 201).
1118 399 1203 441 Res
1255 399 1365 442 enim
1417 412 1522 454 quas
1572 400 1738 455 profert

219 481 263 519 et
293 478 432 520 iustae
464 481 562 520 sunt
594 481 638 518 et
668 475 930 528 reipublicae
974 473 1117 526 magni
1147 473 1360 515 intersunt
1391 473 1540 526 (Anax.
1576 478 1643 526 30,
1677 475 1735 530 3).

221 548 381 601 Quibus
412 549 494 592 rite
537 548 725 603 peractis
767 544 995 589 conciliare
1037 544 1183 587 studet
1214 544 1397 587 alterum
1428 546 1737 589 criminationis

218 622 354 665 locum
402 621 694 675 perstringens
741 622 785 660 et
832 616 1151 670 reprehendens
1204 616 1285 672 (Ib.
1330 618 1352 672 ξ
1387 618 1484 672 12),
1543 618 1737 662 adhibito

218 694 347 737 verbo
388 694 569 751 διαβαλεῖ
600 692 712 747 quod
744 692 851 734 artis
889 690 1106 744 proprium
1150 696 1216 733 est
1263 691 1401 746 (Dion.
1435 692 1530 747 Lys.
1564 705 1603 746 p.
1642 695 1736 748 194,

219 767 279 809 Pl.
329 767 488 809 Phaed.
534 770 629 808 267.
675 765 751 818 D.,
809 763 859 805 cf.
893 764 964 805 Ar.
997 763 1075 805 Rh.
1111 767 1158 814 3,
1204 767 1277 815 14,
1331 765 1413 818 10).
1485 766 1604 807 Haec
1656 767 1737 808 cri-

218 840 394 881 minatio
428 843 495 881 est
536 839 588 879 de
632 849 679 878 re
712 841 755 878 et
787 837 840 877 ad
868 836 1104 888 praeterita
1129 835 1315 877 refertur
1343 837 1493 889 (Anax.
1514 841 1580 878 30.
1604 838 1625 891 ἓ
1653 837 1737 892 13),

219 913 295 955 sed
338 925 433 955 cum
484 912 569 954 iam
615 910 722 952 satis
767 923 859 951 eam
901 908 1098 951 diluisset
1141 922 1218 962 per
1271 908 1400 951 verba
1447 909 1549 962 λέξω
1590 909 1736 964 δίκαια,

218 985 342 1038 plura
373 997 454 1026 non
488 996 592 1037 opus
624 986 729 1025 erat.
790 982 1030 1023 Proximum
1073 986 1167 1022 erat
1207 985 1254 1023 ut
1278 982 1505 1024 auditores
1537 984 1738 1025 concilia-

218 1061 287 1101 ret
329 1057 483 1099 callide
524 1055 759 1099 adulando:
804 1055 903 1109 (507
943 1051 1032 1100 τοὺς
1076 1052 1262 1099 δικαστὰς
1304 1054 1473 1095 ἐπαινῶν
1518 1054 1586 1097 καὶ
1619 1056 1739 1111 θερα-

218 1129 349 1172 πεύων
382 1129 503 1172 Dion.
536 1130 632 1183 Lys.
670 1132 763 1179 194,
811 1129 941 1170 Anax.
978 1131 1043 1169 30.
1078 1130 1099 1181 g
1135 1128 1176 1180 7)
1223 1128 1265 1169 id
1308 1128 1419 1181 quod
1458 1132 1601 1171 tamen
1633 1129 1737 1172 facit

221 1217 315 1248 eum
344 1204 467 1247 modo
500 1202 659 1258 (Quint.
694 1206 735 1253 4,
772 1206 806 1255 1,
843 1201 926 1256 16).
989 1200 1181 1255 Denique
1224 1214 1268 1243 se
1312 1207 1359 1244 ut
1389 1202 1558 1255 patriae
1591 1216 1736 1246 aman-

223 1282 309 1320 tem
343 1276 611 1319 commendat
644 1276 866 1330 (φιλόπολιν
901 1276 1031 1316 Anax.
1066 1278 1131 1316 37.
1164 1273 1266 1330 §3).

335 1349 438 1391 Inde
481 1348 640 1401 optime
680 1347 868 1390 transitu
900 1346 1013 1389 facto
1054 1359 1145 1389 rem
1175 1347 1314 1400 ipsam
1347 1349 1487 1401 aperit
1519 1362 1612 1392 cum
1645 1350 1736 1403 ple-

218 1421 336 1464 niore
378 1421 666 1474 propositione
708 1418 808 1473 (ἔστι
850 1419 1028 1474 μεθόριον
1072 1420 1095 1473 ἢ
1137 1419 1320 1474 πρόθεσις
1358 1420 1384 1462 i.
1419 1433 1456 1463 e.
1491 1425 1580 1464 stat
1610 1420 1736 1465 finem

149 1544 154 1550 ἰ
220 1492 298 1536 sub
338 1497 588 1547 utrumque,
630 1492 834 1545 prooemii
876 1495 919 1533 et
962 1492 1222 1535 narrationis
1263 1493 1385 1534 Dion.
1430 1493 1526 1547 Lys.
1560 1507 1599 1547 p.
1639 1498 1733 1549 194,

220 1564 360 1616 Quint.
404 1570 443 1616 4,
481 1569 525 1615 l,
562 1566 645 1617 76).
712 1564 779 1606 Ita
828 1564 1043 1606 inducitur
1087 1565 1277 1607 narratio
1331 1578 1440 1618 quae
1489 1569 1619 1609 tertio
1662 1568 1736 1610 illo

219 1638 332 1692 apud
365 1638 667 1680 Anaximenem
707 1637 855 1693 generi
895 1637 1127 1690 respondet
1167 1638 1219 1692 (c.
1253 1639 1338 1693 32).
1400 1638 1508 1682 Nam
1554 1641 1589 1683 si
1622 1641 1736 1684 haud

219 1712 364 1764 ignota
407 1711 564 1762 refert,
610 1714 753 1753 tamen
799 1723 849 1752 ea
905 1723 1012 1752 novo
1061 1710 1185 1753 modo
1237 1711 1401 1764 profert
1452 1714 1735 1768 (519—539).

219 1783 465 1837 Respondet
506 1783 636 1825 etiam
676 1783 879 1825 Isocratis
923 1784 1187 1836 praeceptis:
1234 1783 1382 1839 (Isocr.
1424 1785 1476 1827 fr.
1511 1790 1534 1829 9
1582 1784 1629 1827 τὰ
1660 1785 1734 1843 πρὸ

218 1871 249 1896 τ.
281 1871 343 1910 πρ.
377 1873 432 1886 =
466 1859 689 1907 515—223
731 1854 773 1895 τὸ
815 1871 878 1910 πρ.
924 1859 1145 1907 523-38;
1196 1855 1238 1897 τὸ
1284 1856 1382 1911 μετὰ
1412 1877 1467 1890 =
1501 1861 1616 1914 539).
1680 1863 1735 1903 At

219 1942 300 1972 non
331 1929 467 1973 solum
498 1927 615 1972 facta
646 1931 816 1984 oportet
843 1927 1001 1971 intueri
1044 1927 1120 1971 sed
1153 1929 1310 1985 agendi
1342 1942 1494 1975 causas
1526 1929 1613 1989 (τὰς
1647 1933 1736 1974 δια-

218 2003 326 2049 νοίας
357 2002 417 2049 αἷς
447 2002 629 2057 ἑκάτερος
662 2035 669 2042 .
704 2035 711 2042 .
745 2004 951 2058 χρώμενος
988 2004 1078 2042 τόδε
1122 2019 1158 2043 τι
1200 2004 1401 2059 πέπραχεν
1434 2006 1495 2048 Ib.
1531 2007 1582 2049 Cf.
1618 2009 1734 2061 530).

334 2076 579 2131 Insequitur
632 2074 850 2130 probatio,
904 2087 1013 2130 quae
1055 2075 1280 2119 maximam
1324 2081 1493 2131 partem
1537 2092 1588 2121 ex
1633 2084 1734 2124 ante

220 2150 497 2202 occupatione
529 2150 679 2204 (Anax.
710 2153 776 2191 37.
808 2149 830 2203 ξ
857 2151 940 2200 16),
974 2153 1154 2201 constat,
1188 2155 1232 2192 et
1265 2157 1561 2204 argumentum
1593 2154 1636 2194 ἐκ
1666 2158 1735 2196 τοῦ

219 2223 366 2270 εἰκότος
410 2224 600 2266 continet
640 2221 719 2278 (lb.
754 2236 787 2265 c.
822 2226 858 2265 8.
893 2222 914 2277 ξ
948 2222 1090 2277 6-7).
1162 2223 1230 2266 Ita
1274 2228 1417 2268 tamen
1469 2239 1519 2270 ea
1559 2227 1737 2272 effertur

218 2301 266 2340 ut
307 2298 364 2339 sit
402 2296 613 2351 πρόρρησις
656 2298 806 2350 (Anax.
842 2299 907 2338 31.
941 2295 987 2350 ἐξ
1023 2300 1058 2348 1,
1092 2295 1149 2350 9).
1211 2297 1397 2351 Egregia
1439 2300 1552 2343 inest
1594 2300 1736 2342 ὑποτύ-

216 2386 343 2417 πωσις
375 2369 534 2425 (Quint.
570 2373 608 2422 9,
644 2373 681 2421 2,
714 2373 781 2422 40,
815 2369 901 2423 41).

333 2444 524 2497 Denique
556 2443 832 2485 brevissimus
865 2442 1079 2496 epilogus;
1112 2443 1153 2483 in
1186 2455 1267 2495 quo
1290 2447 1434 2486 tamen
1466 2446 1600 2489 habes
1632 2461 1734 2491 enu-

218 2515 501 2558 merationem
543 2515 877 2569 qualemcunque
921 2511 1039 2569 (ταῦτ’
1078 2511 1145 2554 οἷδ’
1183 2514 1239 2554 ὅτι
1272 2514 1316 2555 ἂν
1350 2514 1534 2573 ἔδρατε);
1580 2524 1624 2562 et
1654 2521 1734 2563 ite-

216 2592 356 2632 ratam
399 2589 713 2631 excusationem
753 2588 903 2642 (Anax.
937 2601 970 2630 c.
1006 2592 1071 2631 37.
1114 2587 1135 2642 ξ
1170 2591 1248 2639 43,
1295 2589 1425 2633 Arist.
1468 2591 1545 2634 Rh.
1594 2597 1646 2647 3,
1684 2597 1732 2636 19

217 2661 259 2714 ἐξ
291 2659 640 2718 ἀντιπαραβολῆς).
702 2661 834 2716 quue
876 2659 924 2703 fit
964 2674 1055 2704 cum
1089 2661 1423 2715 interrogatione
1457 2664 1609 2720 (Anax.
1642 2666 1731 2723 ib.).

218 2734 372 2777 Tribus
414 2733 554 2777 verbis
592 2734 854 2776 sententiose
895 2734 1022 2777 dictis
1055 2734 1292 2777 orationem
1322 2734 1415 2778 finit
1446 2738 1550 2791 (Cic.
1587 2740 1639 2782 de
1671 2753 1730 2784 or.

216 2811 255 2861 2,
287 2811 354 2860 71,
389 2806 503 2863 286).
