1910 3154
919 73 968 113 31

191 187 383 243 Uterque
414 177 724 231 docet‘contra
756 197 918 230 morem
946 184 1221 236 ,obtrectandi
1251 185 1294 228 in
1313 185 1531 240 responsis
1552 186 1705 231 invehi.

191 261 298 304 Rem
337 262 536 313 praestat
577 259 694 302 Alex.
734 257 838 314 frgt.
880 261 930 300 57
965 254 1146 313 διαβολαὶ
1178 255 1300 299 δεινὸν
1331 256 1452 299 κακὸν
1484 281 1540 294 --
1571 259 1704 301 Anax.

195 336 261 386 30,
296 335 347 375 12
378 332 609 389 κατηγορεῖν
640 330 718 388 χρὴ
753 331 942 388 διαβολῆς
970 328 1036 371 καὶ
1065 329 1190 384 λέγειν
1217 332 1270 377 ὡς
1298 331 1434 375 δεινόν.
1480 332 1529 374 In
1555 331 1706 375 eadem

195 406 297 450 sede
327 409 471 449 monet
500 405 742 461 Iphigenia:
776 403 830 461 μὴ
865 404 1082 461 διαβληθῇς
1115 407 1266 461 στρατῷ
1297 405 1346 461 (Ι.
1379 406 1426 448 A.
1463 406 1606 462 1372).
1657 406 1705 449 Id

194 480 306 522 enim
335 479 563 533 Euripides
593 478 750 523 habet:
789 479 826 522 si
856 490 939 521 non
970 476 1194 521 artificium
1226 478 1424 534 adhibet,
1456 492 1532 523 suo
1562 484 1707 523 tamen

194 551 248 594 in·
268 551 361 595 loco
403 553 510 596 artis
550 564 712 595 memor
743 551 903 605 aliquid
935 551 1002 594 vel
1032 550 1168 593 tradit
1197 552 1263 594 vel
1295 552 1461 605 prodit:
1504 553 1614 607 quod
1646 553 1705 595 le-

195 627 368 680 gentem
400 637 565 679 quoque
595 637 823 668 memorem
856 624 1000 667 faciat.
1045 624 1164 666 Idem
1195 625 1237 666 in
1269 625 1434 679 epilogo
1453 626 1586 680 vides,
1619 626 1705 668 He-

194 696 298 739 racl.
332 698 414 739 422
448 696 517 752 (cf.
550 698 682 741 Anax.
719 701 785 752 37,
816 698 904 750 46).

310 766 402 811 Hoc
433 780 599 823 quoque
630 769 836 823 prooemii
867 768 1082 822 proprium
1118 772 1198 821 est,
1230 756 1410 812 laudare
1437 769 1599 813 iudices
1631 774 1705 813 aut

194 839 432 884 auditores:
480 853 588 895 quae
628 842 721 885 laus
762 841 928 885 modica
959 853 1053 884 esse
1085 839 1213 883 debet
1258 840 1418 896 (Quint.
1451 846 1500 896 4,
1538 846 1584 895 1,
1619 843 1706 897 16).

193 912 344 966 Itaque
376 913 659 967 Clytemestra
700 915 749 969 (I.
783 915 831 957 A.
864 913 965 968 977)
1010 917 1054 956 et
1084 913 1260 957 Orestes
1293 914 1383 968 (Or.
1421 915 1546 970 1161)
1590 914 1705 958 affir-

194 988 313 1029 mant
343 996 390 1028 se
421 985 533 1029 nolle
564 986 608 1029 in
639 985 853 1030 laudando
887 998 982 1029 esse
1012 986 1171 1040 longos.

331 1100 407 1149 De
441 1102 723 1164 probatione
758 1103 878 1150 haec
913 1102 1115 1150 invenio.

312 1198 360 1241 In
401 1200 575 1254 propria
614 1200 956 1243 testimoniorum
996 1199 1097 1242 sede
1138 1197 1387 1254 (μαρτύρια),
1429 1198 1491 1240 ait
1521 1198 1709 1241 Theseus

200 1271 346 1326 (Hipp.
380 1274 481 1328 944)
523 1273 575 1316 de
617 1285 794 1327 corpore
826 1275 1018 1315 mortuae
1049 1271 1293 1314 Phaedrae:
1339 1270 1586 1326 ἐξελέγχεται
1616 1269 1711 1326 πρὸς

195 1347 265 1399 τῆς
297 1343 490 1400 θανούσης
522 1345 592 1399 (cf.
626 1345 741 1399 972).
804 1344 880 1387 Cui
912 1344 1175 1397 respondens
1207 1342 1318 1386 filius
1350 1344 1543 1397 queritur
1575 1356 1620 1386 se
1645 1347 1709 1385 te-

195 1414 335 1459 stibus
367 1429 535 1471 carere,
581 1417 623 1459 id
656 1416 767 1470 quod
801 1416 1033 1459 secundum
1064 1419 1200 1458 artem
1230 1413 1278 1458 fit
1307 1416 1350 1457 in
1382 1415 1458 1458 illa
1502 1415 1709 1458 orationis

196 1491 321 1541 parte
361 1487 435 1531 ubi
475 1492 574 1531 ante
606 1489 927 1542 occupationem
966 1489 1103 1542 patris
1135 1489 1270 1530 diluit.
1346 1488 1393 1529 In
1425 1488 1576 1530 eadem
1608 1488 1710 1530 sede

198 1559 422 1615 Tyndarus
452 1562 513 1605 ait
545 1561 728 1606 testibus
759 1562 876 1605 nihil·
897 1575 1003 1616 opus
1034 1574 1141 1605 esse.
1216 1563 1272 1604 At
1304 1564 1370 1604 est
1401 1564 1542 1605 status
1575 1561 1709 1616 quali-

198 1634 316 1686 tatis,
347 1633 420 1676 ubi
451 1634 586 1676 omnis
617 1635 793 1677 testium
822 1634 982 1676 mentio
1014 1646 1328 1687 supervacanea
1360 1637 1437 1675 est.
1495 1634 1614 1675 Haec
1645 1637 1712 1675 est

199 1719 250 1749 ea
280 1719 352 1749 ars
381 1707 682 1760 intempestiva
714 1707 767 1750 de
799 1721 882 1762 qua
913 1707 1039 1761 paulo
1071 1711 1169 1750 ante
1201 1706 1299 1748 dixi.
1361 1706 1440 1749 His
1472 1705 1606 1749 addas
1631 1706 1711 1749 Po-

199 1778 379 1832 lynicem
420 1779 522 1821 deos
561 1779 826 1822 invocantem
870 1777 1066 1834 μάρτυρας
1111 1776 1154 1818 δὲ
1205 1779 1329 1819 τῶνδε
1371 1777 1558 1833 δαίμονας
1599 1779 1710 1819 καλῶ

199 1850 374 1906 (Phoen.
409 1852 537 1904 491):
570 1855 613 1895 et
644 1852 750 1895 illud
777 1849 926 1899 Ἑλλὰς
959 1852 1146 1908 μαρτυρεῖ
1167 1851 1337 1895 Heracl.
1365 1855 1460 1895 219.
1508 1851 1713 1895 Similiter

198 1923 364 1966 Helena
394 1926 530 1967 testes
561 1925 752 1967 nominat
780 1925 824 1967 in
855 1924 1100 1967 defensione
1134 1924 1199 1967 sui
1241 1924 1414 1980 (Troad.
1448 1923 1565 1981 955).
1633 1926 1712 1967 Ar-

198 1993 377 2039 tificiose
417 2009 582 2051 quoque
613 1997 896 2051 Amphiaraus
935 1995 1002 2038 σὺν
1045 1995 1229 2053 μάρτυσιν
1263 1997 1386 2038 θεοῖσι
1425 2010 1518 2040 cum
1550 1997 1713 2040 Hercu-

201 2068 284 2112 lem
316 2068 369 2112 de
401 2070 672 2113 cavillatione
702 2071 804 2125 Lyci
834 2075 990 2125 purgat
1021 2070 1091 2127 (H.
1113 2071 1211 2114 Fur.
1240 2071 1350 2127 176).
1405 2071 1452 2113 In
1484 2071 1577 2114 loco
1609 2071 1713 2125 Hip-

199 2140 333 2195 polyti
362 2141 446 2184 iam
478 2142 609 2185 allato
641 2141 868 2185 artificiose
899 2143 1194 2186 iusiurandum
1224 2143 1474 2195 adhibetur,
1515 2147 1563 2186 ut
1592 2147 1715 2198 patet

200 2226 251 2256 ex
288 2213 392 2257 locis
435 2215 639 2260 orationis
679 2216 815 2270 patris
860 2220 904 2259 et
940 2214 1016 2259 filii
1054 2216 1169 2260 inter
1209 2228 1256 2271 se
1288 2216 1548 2271 comparatis
1595 2215 1712 2273 (960,

204 2288 326 2338 1025,
360 2287 491 2340 Anax,
525 2300 559 2330 c.
593 2292 688 2342 8,1.
722 2301 755 2331 c.
792 2288 875 2343 18).

315 2358 433 2403 Haec
475 2360 527 2403 de
569 2359 893 2415 probationibus
935 2360 1278 2406 inartificialibus
1309 2361 1537 2416 Euripides
1583 2360 1715 2405 habet

201 2431 353 2485 (Anax.
385 2444 419 2474 c.
454 2436 491 2475 8.
527 2433 549 2487 ξ
582 2434 638 2488 2).
700 2433 827 2486 Nam,
872 2447 966 2477 cum
997 2434 1051 2477 ad
1080 2445 1226 2477 vocem
1259 2433 1427 2491 βάσανον
1458 2434 1716 2488 respiciatur

201 2502 331 2560 (Med.
366 2504 492 2562 516),
533 2518 612 2549 vox
653 2506 822 2551 diversa
864 2506 924 2550 ibi
955 2506 1263 2562 significatione
1304 2506 1595 2564 intellegenda
1635 2511 1714 2563 est,

202 2581 245 2621 et
274 2579 417 2632 potius
458 2578 630 2623 verbum
661 2581 894 2637 τεκμήριον,
938 2581 1048 2636 quod
1081 2594 1131 2624 ex
1161 2580 1456 2625 artificialibus
1489 2584 1577 2634 est,
1617 2580 1713 2625 illu-

201 2654 342 2693 strare
372 2654 529 2704 potest.

315 2721 373 2765 Et
404 2722 457 2766 de
487 2723 566 2767 hoc
599 2725 770 2779 quidem
801 2739 960 2783 genere
991 2725 1290 2781 probationum
1322 2727 1484 2780 altero,
1529 2724 1714 2769 difficilis

204 2799 274 2841 est
304 2797 511 2851 quaestio.
572 2797 680 2841 Nam
726 2803 931 2853 quantum
972 2804 1015 2844 et
1051 2801 1255 2844 rhetorici
1291 2801 1404 2844 inter
1433 2813 1480 2845 se
1511 2803 1555 2844 et
1585 2812 1611 2843 a
1639 2812 1713 2854 po-
