1910 3154
894 65 944 105 13

151 184 251 234 post
281 181 538 235 principium
573 181 732 235 aliquid
764 181 965 223 inserere.
1029 178 1233 232 Exempla
1276 178 1361 221 sint
1392 175 1546 219 Medea
1579 178 1674 229 215,

153 253 323 307 Hippol.
359 257 454 306 374,
477 257 574 306 986,
608 253 807 296 Androm.
835 255 931 305 445,
955 256 1051 306 595,
1084 252 1185 294 Hec.
1212 254 1307 303 254,
1328 253 1422 305 592,
1455 251 1486 292 I.
1508 251 1554 292 A.
1576 253 1674 292 446.

746 367 822 415 Dc
856 367 1077 430 Epilogo.

273 474 474 528 Sequitur
503 478 551 518 ut
584 475 636 517 de
668 475 836 531 epilogo
868 475 1020 518 dicam.
1056 499 1104 505 —
1138 474 1200 516 Eo
1233 477 1374 517 autem
1404 472 1574 516 brevior
1603 486 1676 517 ero

153 546 264 601 quod
295 547 512 601 Euripidis
544 560 664 591 usum
695 548 737 590 in
768 548 848 590 hac
881 551 1006 601 parte
1038 547 1204 601 plenius
1237 550 1520 599 tractaturus,
1563 559 1674 590 com-

154 619 318 661 modius
350 620 484 662 multa
514 621 555 662 in
585 633 790 674 praesens
823 619 1031 662 differam.

269 691 394 735 Clare
425 692 468 735 id
499 692 621 736 Plato
654 692 827 747 exponit
861 691 971 747 quod
1006 691 1198 746 epilogus
1230 690 1399 734 efficere
1432 690 1589 735 debeat
1618 692 1673 735 ad

154 767 484 808 enumerandum
515 792 571 796 —
601 765 643 807 τὸ
676 765 714 807 ἷ-ῑν
741 766 950 821 κεφαλαίῳ
972 754 1121 806 ἕκαστα
1148 798 1156 806 .
1183 798 1191 805 .
1216 765 1439 820 ὑπομνῆσαι
1472 768 1672 818 (Phaedr.

154 839 250 881 267.
271 838 341 893 D).
403 839 534 882 Vides
567 852 662 882 eum
694 839 746 882 de
778 839 945 881 nomine
977 851 1059 880 non
1091 838 1330 881 consentire
1363 851 1454 882 cum
1488 839 1672 884 Corace:

153 911 264 963 quod
297 912 407 952 enim
438 912 607 953 Platoni
639 909 830 956 ἐπάνοδος
862 916 953 963 est,
1000 911 1043 951 id
1087 911 1184 952 huic
1215 908 1408 964 ἐπίλογος.
1472 914 1674 966 Agnoscit

152 985 295 1025 tamen
327 983 450 1025 Plato
486 984 699 1026 nominum
732 983 1024 1026 diversitatem
1059 980 1188 1037 (ἄλλοι
1223 982 1266 1024 δὲ
1297 982 1394 1025 ἄλλο
1425 984 1594 1026 τίθενται
1627 985 1673 1027 ὄ-

151 1057 284 1110 νομα).
348 1056 467 1106 Quod
499 1058 591 1109 ipse
622 1056 834 1110 praefert,
866 1057 909 1098 id
942 1057 1065 1098 multi
1096 1057 1317 1099 Rhetorici
1349 1058 1567 1111 adhibent,
1599 1060 1672 1103 ubi

155 1129 248 1183 quis
281 1143 305 1172 a
336 1127 418 1172 fine
450 1129 503 1172 ad
534 1129 786 1183 principium
809 1130 931 1183 quasi
953 1130 1138 1186 vestigia
1160 1133 1275 1173 retro
1299 1130 1539 1185 observata,
1572 1146 1671 1176 enu-

152 1206 292 1244 merat
323 1202 579 1254 (Volkmann
613 1201 726 1258 264).
788 1203 912 1255 Apud
956 1203 1178 1244 Platonem
1220 1204 1330 1246 hunc
1373 1217 1543 1248 sensum
1584 1206 1672 1249 fru-

152 1277 245 1318 stra
274 1275 481 1328 requiras.

269 1347 386 1397 Quae
418 1351 559 1389 autem
592 1347 677 1388 alia
708 1346 865 1388 artium
896 1347 1130 1400 scriptores
1162 1348 1203 1389 in
1224 1349 1391 1402 epilogo
1424 1351 1565 1393 sedem
1599 1353 1673 1395 ha—

153 1419 255 1463 bere
285 1419 501 1474 propriam
533 1420 701 1471 volunt,
750 1419 872 1461 Plato
904 1431 985 1462 non
1018 1423 1146 1462 tacet.
1208 1420 1355 1464 Habes
1388 1423 1499 1465 enim
1530 1437 1674 1468 rerum

151 1493 452 1547 repetitionem
491 1506 573 1535 non
616 1493 706 1535 sine
750 1492 974 1535 affectibus
1005 1506 1110 1546 quos
1142 1494 1255 1536 inter
1284 1496 1410 1548 plena
1443 1497 1565 1550 copia
1595 1499 1673 1540 mi-

154 1566 383 1609 serationis
416 1571 460 1609 et
488 1565 797 1621 indignationis
829 1566 1089 1619 suppeditat,
1123 1566 1318 1610 desumta
1350 1569 1425 1611 illa
1456 1582 1507 1612 ex
1539 1570 1673 1615 Thra-

152 1640 340 1694 symachi
373 1644 466 1682 arte
498 1640 541 1694 (ἡ
577 1637 730 1696 μεγάλη
760 1637 911 1694 τέχνη).

266 1712 322 1754 Et
345 1712 705 1765 Thrasymachum
739 1715 783 1753 et
813 1711 920 1752 alios
953 1709 1114 1765 (Quint.
1139 1715 1175 1762 3,
1203 1715 1237 1760 1,
1264 1713 1334 1765 12)
1367 1713 1409 1754 in
1439 1713 1519 1756 hac
1549 1720 1673 1768 parte

152 1785 320 1827 modum
354 1785 588 1827 excessisse
607 1784 864 1826 Aristoteles
891 1783 1086 1837 queritur
1118 1784 1214 1837 (Rh.
1237 1788 1272 1838 1,
1295 1784 1348 1840 1).
1411 1785 1528 1836 Quae
1561 1788 1672 1832 Rhe-

152 1858 313 1900 toricus
344 1858 386 1898 in
419 1861 512 1899 arte
545 1869 622 1899 sua
653 1856 867 1909 peccavit,
917 1855 1065 1898 eadem
1098 1860 1145 1898 ut
1178 1858 1510 1910 reprehensione
1542 1861 1674 1916 digna

152 1931 264 1984 apud
297 1931 471 1973 Poetam
504 1930 705 1983 aequales
737 1935 952 1971 notavere.
1025 1929 1134 1971 Uter
1166 1930 1251 1972 utri
1283 1931 1394 1973 viam
1424 1933 1672 1987 praeiverit,

151 2004 263 2046 haud
296 2002 421 2044 facile
453 2002 685 2044 discernas.
747 2001 883 2043 Nimis
905 2002 1120 2043 rhetorice
1137 2002 1365 2055 Euripides
1397 2005 1451 2046 ad
1484 2008 1674 2050 carmina

151 2076 392 2130 effingenda
441 2077 546 2119 artis
587 2076 752 2118 alienae
793 2076 983 2117 rationes
1025 2076 1273 2128 transtulit3
1331 2077 1437 2120 artis
1490 2080 1673 2134 vestigia

151 2148 263 2203 apud
304 2161 399 2191 eum
437 2152 588 2191 notata
620 2147 901 2190 Anaximenes
934 2152 978 2189 et
1010 2148 1265 2189 Aristoteles
1305 2148 1348 2190 in
1388 2162 1512 2193 usum
1552 2164 1673 2195 suum

150 2226 331 2265 vertere.
394 2221 524 2264 Cuius
556 2222 662 2264 artis
693 2222 955 2263 incrementa
995 2233 1076 2262 non
1121 2233 1172 2262 ex
1212 2234 1294 2264 uno
1337 2223 1428 2265 viro
1472 2226 1672 2277 pendent.

150 2295 355 2339 Juvenem
381 2299 614 2348 praecepta
646 2294 871 2336 adiuvant:
905 2292 1076 2334 adultus
1108 2296 1253 2334 orator
1285 2294 1534 2349 doctrinam,
1564 2310 1673 2352 quae

150 2368 232 2410 vim
263 2367 423 2420 ingenii
440 2371 724 2419 promoverat,
755 2366 905 2418 ipsein
928 2365 1064 2406 maius
1084 2366 1292 2417 provehit.
1355 2368 1527 2412 Periere
1558 2372 1672 2414 haud

151 2438 278 2481 dubio
304 2437 487 2491 plurima
518 2437 691 2490 futtilia,
723 2450 806 2479 non
827 2449 977 2491 pauca,
1010 2437 1097 2479 risu
1122 2437 1249 2489 digna
1279 2439 1383 2490 visa,
1416 2454 1465 2483 eo
1496 2442 1673 2486 oblivio-

150 2524 246 2555 nem
278 2511 439 2565 fugere.
503 2510 620 2561 Quae
662 2514 800 2553 restat
841 2523 1026 2560 summa,
1076 2523 1182 2563 opus
1226 2516 1293 2554 est
1334 2514 1457 2556 multi
1498 2515 1673 2572 laboris,

149 2584 309 2639 ingenii
340 2583 535 2636 subtilis,
580 2585 645 2628 cui
677 2597 799 2627 nemo
832 2583 1078 2626 obtrectare
1110 2585 1258 2637 possit.
1320 2584 1368 2628 Οἱ
1402 2585 1469 2642 μὲν
1502 2588 1576 2645 γὰρ
1606 2589 1673 2638 τὰς

150 2655 277 2714 ἀρχὰς
310 2657 487 2713 εὑρόντες
520 2660 721 2705 παντελῶς
752 2655 815 2700 ἐπὶ
850 2658 983 2713 μικρόν
1016 2673 1050 2698 τι
1083 2658 1323 2713 προήγαγον,
1368 2661 1402 2702 οἱ
1436 2660 1479 2703 δὲ
1507 2666 1571 2705 νῦν
1606 2663 1674 2705 εὐ-

152 2731 402 2786 ὃοκιμοδντες
446 2731 742 2787 παραλαβόντες
781 2728 888 2786 παρὰ
930 2731 1086 2771 πολλῶν
1129 2729 1208 2771 οἷον
1252 2729 1295 2772 ἐκ
1340 2734 1533 2791 διαδοχῆς
1574 2735 1673 2777 κατὰ

152 2804 268 2860 μέρος
306 2805 612 2859 προαγαγόντων
645 2803 770 2850 οὕτως
801 2802 1008 2858 ηὖξήκασι,
1133 2801 1199 2844 καὶ
1231 2803 1370 2846 πολλοὶ
1401 2806 1528 2849 πολλὰ
1560 2825 1674 2851 συνε-
