1910 3154
937 165 989 203 58

196 274 390 329 litatem,
424 274 706 318 Honestatem
739 276 939 329 proponit
979 288 1115 329 neque
1148 279 1290 318 tamen
1322 277 1365 318 in
1397 277 1546 319 ultimo
1577 275 1725 318 immo-

196 351 332 396 ratur,
364 348 425 389 sic
461 348 735 390 Atheniensis
778 349 950 390 eosdem
991 347 1098 390 fines
1141 349 1270 391 aliter
1315 353 1459 390 tamen
1491 348 1725 401 ordinatos,

197 419 497 472 Aequitatem,
540 419 851 473 Honestatem,
884 419 1128 462 Utilitatem
1161 423 1336 463 tractat.
1399 419 1532 463 Vides
1563 423 1726 463 utrum-

198 501 279 542 que
311 489 364 531 ab
397 491 629 543 Aequitate
660 492 849 544 incipere
891 492 987 544 (An.
1024 495 1100 542 33,
1135 495 1157 533 5
1192 495 1345 546 πρῶτον
1377 491 1420 532 τὸ
1464 492 1613 532 δίκαιον
1654 507 1726 532 τα-

195 560 351 614 κτέον);
399 562 678 615 Demophoon
725 567 867 605 autem
913 576 989 605 sua
1020 563 1112 605 vice
1143 563 1389 606 Utilitatem
1421 563 1542 617 (247)
1574 562 1727 605 leviter

195 633 364 672 tantum
397 631 549 684 tangit,
582 644 664 684 quo
686 644 823 685 neque
856 645 1029 674 causam
1060 631 1247 675 infirmet
1269 636 1313 675 et
1344 633 1437 675 seni
1466 633 1552 675 iam
1583 632 1726 676 deriso

197 700 320 756 (167)
350 706 514 755 parcat.
575 703 634 745 Et
665 703 904 756 Spartanus
936 707 979 746 et
1011 703 1286 746 Atheniensis
1317 704 1360 746 in
1393 705 1621 757 Aequitate
1653 704 1727 746 de-

197 773 342 815 sinunt
373 773 505 828 (δίκης
534 790 718 829 κυρησειν
743 775 916 817 Heracl.
936 778 1031 826 252,
1064 773 1153 821 τοὺς
1178 775 1410 821 ἀδικοῦντας
1432 776 1564 818 Thuc.
1584 779 1620 829 1,
1637 776 1725 827 86).

197 844 248 886 Id
279 845 438 898 optime
471 846 724 899 Euripides,
774 846 887 899 quod
929 845 1036 888 facit
1080 859 1226 899 regem
1258 846 1312 888 ad
1345 858 1444 889 suos
1476 858 1727 888 conversum

196 917 323 970 plura
369 917 423 959 de
470 918 709 961 Honestate
753 919 921 970 dicere;
973 918 1129 972 quippe
1173 918 1246 972 qui
1290 918 1396 960 nihil
1443 930 1494 960 ex
1538 918 1726 961 utilitate

199 988 352 1032 afferre
384 990 535 1043 possit,
569 990 848 1033 criminantes
881 991 994 1033 cives
1026 990 1178 1032 timeat
1210 990 1433 1043 (165—6).

314 1062 421 1104 Post
450 1063 617 1115 species
644 1063 848 1105 hortandi
879 1062 1220 1115 dehortandique
1251 1062 1410 1104 transit
1442 1062 1726 1105 Anaximenes

199 1133 253 1176 ad
287 1134 455 1186 species
486 1134 691 1176 laudandi
727 1135 1111 1187 vituperandique:
1145 1146 1253 1187 quas
1284 1134 1447 1188 primus
1472 1134 1728 1177 Aristoteles

198 1205 361 1246 diserte
393 1206 436 1246 in
468 1218 626 1257 genere
671 1206 1008 1248 demonstrativo
1040 1207 1320 1248 collococavit
1353 1205 1558 1261 (Spengel
1590 1205 1727 1248 Anax,

199 1278 414 1320 99-100,
476 1276 616 1328 Quint.
642 1280 679 1329 3,
712 1280 750 1328 4,
783 1277 841 1331 9).
905 1277 1203 1331 Anaximenes,
1233 1281 1282 1319 ut
1312 1276 1495 1331 videtur,
1528 1288 1602 1319 eas
1634 1288 1729 1318 cum

199 1348 482 1391 deliberativo
522 1350 752 1391 coniunxit.
816 1350 946 1392 Cuius
978 1350 1015 1391 si
1047 1362 1219 1392 causam
1253 1349 1444 1402 quaeris,
1478 1361 1530 1391 ex
1561 1349 1728 1399 Quinti-

198 1419 313 1462 liano
355 1420 511 1462 elicere
552 1421 714 1474 possis:
758 1421 850 1475 „An
898 1421 1124 1474 quisquam
1173 1421 1397 1474 negaverit
1437 1420 1728 1475 Panegyricos

197 1490 480 1537 ἐπιδεικτικοὺς
512 1493 639 1534 esse?
701 1492 831 1545 Atqui
863 1492 1044 1533 formam
1077 1492 1286 1534 suadendi
1317 1491 1480 1534 habent
1512 1496 1557 1534 et
1586 1491 1727 1544 plera-

197 1574 278 1615 que
312 1562 365 1604 de
396 1562 658 1605 utilitatibus
691 1562 901 1605 Graeciae
933 1562 1187 1616 loquuntur“
1224 1562 1307 1616 (1b.
1341 1563 1363 1617 ξ
1399 1563 1483 1616 14).

314 1633 374 1675 Ut
418 1634 694 1687 Aristoteles,
743 1635 805 1676 ita
853 1635 1136 1676 Anaximenes
1177 1638 1346 1676 tantum
1392 1635 1446 1676 de
1488 1633 1728 1676 hominibus

197 1705 424 1748 laudandis
462 1706 655 1758 cogitare
702 1706 872 1748 videtur
903 1704 956 1761 (c.
989 1710 1029 1759 4,
1061 1706 1084 1760 ξ
1120 1710 1164 1760 1,
1199 1709 1249 1759 2,
1293 1719 1326 1749 c.
1362 1710 1414 1749 36
1457 1707 1479 1761 ξ
1511 1710 1535 1748 2
1580 1705 1728 1760 αὐτὸν).

197 1777 307 1820 Mire
339 1778 408 1820 hic
440 1781 585 1820 tamen
617 1778 806 1831 loquitur
835 1778 888 1820 de
921 1782 1149 1820 stemmate
1166 1778 1381 1820 hominum
1414 1783 1458 1820 et
1489 1782 1729 1821 ceterorum

198 1850 458 1892 animalium.
520 1851 576 1893 At
607 1863 757 1893 rursus
791 1850 1078 1900 Quintilianus
1121 1850 1173 1892 de
1215 1863 1262 1892 re
1302 1850 1418 1904 ipsa:
1461 1850 1607 1907 „Quae
1637 1863 1728 1893 ma-

197 1921 310 1964 teria
338 1922 570 1975 praecipue
602 1922 775 1974 quidem
805 1922 849 1963 in
881 1922 985 1964 deos
1017 1925 1060 1964 et
1092 1923 1285 1964 homines
1319 1923 1450 1975 cadit,
1484 1927 1553 1964 est
1584 1913 1729 1964 tamen

198 1998 242 2036 et
288 1994 471 2037 aliorum
510 1994 755 2037 animalium
795 1994 927 2036 etiam
974 1994 1214 2036 carentium
1268 1993 1434 2037 anima“
1481 1994 1550 2048 (3,
1585 1997 1635 2048 7,
1670 1993 1727 2048 6).

197 2065 320 2117 Quod
350 2066 491 2121 magis
522 2067 715 2117 mireris,
760 2067 1045 2108 Anaximenes
1075 2078 1165 2107 rem
1198 2078 1279 2108 non
1311 2066 1605 2119 persequitur:
1652 2076 1730 2107 nos

195 2150 408 2179 memores
439 2138 546 2180 facit
576 2138 766 2190 pulveris
798 2139 913 2180 illius
946 2138 1157 2191 olympici.
1222 2136 1472 2181 Cornificius
1496 2137 1729 2190 Ciceroque

196 2208 250 2250 de
281 2208 524 2251 hominibus
555 2212 749 2260 tantum;
798 2209 850 2251 de
892 2208 1022 2251 rebus
1054 2208 1250 2251 omnibus
1282 2209 1572 2259 Quintilianus
1603 2219 1730 2260 prae-

195 2281 302 2334 cipit
333 2280 447 2335 (Ib.).
510 2281 638 2323 Patet
677 2285 823 2323 tamen
865 2284 909 2323 et
950 2281 1062 2323 hunc
1103 2284 1146 2323 et
1191 2280 1299 2323 alios
1330 2292 1411 2323 non
1460 2282 1630 2322 tantum
1674 2279 1730 2345 ad

194 2353 414 2395 orationes
445 2353 685 2406 respicere,
732 2354 807 2395 sed
841 2353 897 2396 ad
931 2365 1175 2396 communes
1207 2353 1305 2395 illos
1338 2353 1455 2395 locos
1488 2351 1570 2407 (Ib.
1605 2353 1627 2406 ξ
1660 2354 1729 2403 27,

196 2428 263 2468 28.
328 2425 414 2468 Cic.
437 2425 557 2468 Brut.
586 2428 650 2477 12,
684 2426 705 2479 ξ
733 2426 820 2480 47).
884 2425 975 2467 Hoc
1008 2429 1074 2481 est
1106 2425 1232 2467 illud:
1270 2425 1511 2479 „Isocrates
1541 2424 1585 2466 in
1618 2422 1731 2466 omni

194 2510 353 2551 genere
385 2498 427 2539 in
460 2510 555 2540 esse
594 2499 764 2540 laudem
797 2511 846 2540 ac
879 2499 1240 2551 vituperationem
1272 2496 1561 2540 existimavit“
1597 2496 1657 2550 (3,
1690 2499 1729 2549 4,

199 2568 283 2626 11).
347 2570 403 2612 At
448 2569 561 2612 idem
603 2569 820 2612 Isocrates
862 2569 1093 2625 indignans
1138 2570 1334 2612 invectus
1379 2572 1445 2611 est
1476 2569 1521 2610 in
1553 2580 1626 2610 eos
1659 2567 1732 2621 qui

194 2654 242 2683 re
274 2643 450 2696 egregia
482 2641 606 2684 abusi
637 2647 796 2695 essent,
828 2642 1058 2685 laudantes
1089 2655 1160 2685 res
1191 2642 1437 2693 vilissimas,
1470 2640 1599 2694 quasi
1629 2638 1731 2681 ridi·
1789 2676 1793 2679 .

196 2712 292 2756 cula
324 2713 570 2769 graviorum
601 2712 843 2755 imitatione
888 2712 1037 2768 (Isocr.
1072 2713 1165 2756 Hel.
1200 2713 1247 2768 ξς
1282 2716 1320 2766 7,
1357 2716 1421 2763 11,
1464 2710 1546 2767 12).
1607 2710 1733 2752 Unde

196 2785 385 2827 fortasse
413 2785 699 2827 Anaximenes
739 2786 825 2827 alia
855 2788 904 2827 ut
936 2785 1050 2827 infra
1083 2798 1128 2827 se
1160 2785 1302 2838 posita
1335 2796 1542 2838 spernens
1575 2783 1627 2825 de
1657 2781 1733 2823 ho—

199 2854 386 2900 minibus
418 2859 586 2899 tantum
621 2849 764 2899 dice‘re
795 2855 959 2899 maluit.
