1910 3154
949 26 1000 65 19

365 138 460 183 Alia
502 150 667 193 quoque
698 137 960 183 santi-emal
993 137 1215 195 κεφάλαιαῑ
1259 138 1302 180 111
1332 148 1457 182 versu
1488 141 1586 194 493,
1629 136 1671 179 τὸ
1705 136 1766 178 δί-

246 227 355 254 καιον
388 212 541 267 (Anax.
573 225 607 256 c.
643 215 680 256 3.
713 213 735 268 ἓ
767 211 841 269 4);
887 213 930 256 111
969 225 1094 260 versu
1126 215 1209 256 494
1249 210 1290 253 τὸ
1322 212 1484 268 νόμιμον
1524 209 1671 268 (θεσμά
1701 210 1764 253 Id.

249 287 287 337 2,
322 284 390 339 7);
430 284 474 326 in
504 297 629 328 versu
659 288 742 328 498
773 283 815 326 τὸ
848 284 1046 342 σύμφερον
1079 285 1159 341 (Ib.
1192 284 1305 341 §8);
1337 283 1379 326 τὸ
1411 284 1488 340 ἡδύ
1518 285 1563 327 in
1596 298 1632 328 V.
1667 287 1764 337 509,

250 355 464 412 (μακαρίαν
498 377 550 393 =
577 355 626 399 τὰ
656 355 782 414 χαρὰν
813 358 1059 415 ἐργαζόμενα
1088 358 1150 401 Id.
1183 358 1206 413 ξ
1241 358 1324 413 10).

365 428 519 472 Statim
550 430 593 472 in
621 431 837 484 prooemio
869 431 1146 473 criminatur:
1179 433 1222 473 et
1254 442 1304 473 ea
1335 433 1401 473 est
1433 430 1548 473 iusta
1579 430 1763 485 διαβολή,

248 501 360 566 qupd
390 501 526 545 virum
557 502 609 545 de
639 501 760 546 aditu
790 502 945 546 Medea
983 503 1129 557 culpat
1166 502 1302 558 (ἦλθες
1338 527 1385 532 -
1420 501 1631 557 ἀναιδεία).
1693 500 1762 544 Sic

249 573 361 616 enim
402 572 585 617 efficitur
622 574 787 631 διαβολὴ
831 575 874 616 ἐκ
912 577 980 616 τοῦ
1021 575 1210 630 παρόντος
1252 572 1338 630 περὶ
1382 572 1423 615 τὸ
1456 576 1619 630 πρᾶγμα
1650 571 1764 629 (πρὸς

251 645 417 700 οἰκείους
449 645 586 702 φίλους
616 647 750 691 Anax.
783 660 817 691 6.
852 651 918 691 37.
951 647 973 703 ξ
1006 645 1062 704 8).
1096 661 1105 671 ·
1138 646 1301 690 Ironice
1332 645 1662 690 benivolentiam
1692 658 1762 689 ca-

250 722 347 773 ptat
378 718 438 776 (εὖ
470 719 703 776 ἐποίησας);
734 720 960 764 11111161111116
991 720 1172 764 docilem
1198 723 1494 774 attentumque
1524 719 1629 763 facit
1659 719 1763 776 (473

252 792 366 847 —4).
429 792 564 844 Quam
587 792 832 836 adiunctam
854 792 988 836 habes
1009 793 1229 847 prothesin
1252 797 1318 836 est
1340 793 1519 848 μεθόριον
1552 792 1763 836 ordinem-

250 876 331 919 que
362 866 622 908 narrationis
651 865 864 920 proponit.

364 937 567 981 Narratio
609 942 847 992 temporum
886 938 1038 981 seriem
1081 942 1226 982 servat
1266 936 1330 995 (τὰ
1372 941 1510 994 πρῶτα
1539 937 1764 994 πραχθέντα

250 1040 429 1052 .....
471 1013 609 1066 πρῶτα
651 1010 828 1066 λέγωμεν
869 1011 1001 1053 Anax.
1035 1023 1070 1053 c.
1105 1014 1171 1054 30.
1203 1011 1226 1065 ξ
1260 1015 1296 1053 5.
1358 1010 1399 1051 τὸ
1440 1014 1592 1066 πρῶτον
1623 1009 1689 1051 καὶ
1720 1009 1761 1051 τὸ

251 1081 432 1140 δεύτερον
464 1082 530 1126 καὶ
560 1082 609 1126 τὰ
639 1083 757 1126 λοιπὰ
788 1084 990 1140 ἑπομένως
1030 1085 1160 1128 Isocr.
1191 1084 1294 1140 frgt.
1330 1084 1413 1139 13).
1475 1084 1667 1127 Tertium
1698 1087 1765 1127 est

248 1156 520 1219 Anaximenis
559 1171 692 1212 genus
733 1159 786 1213 (6.
820 1158 915 1213 32),
955 1158 1142 1200 immista
1183 1158 1251 1200 hic
1292 1158 1380 1202 illic
1417 1157 1759 1212 exprobratione,

248 1242 331 1272 non
362 1230 453 1274 sine
486 1230 641 1274 affectu
672 1231 773 1286 (485
794 1234 894 1287 „not
908 1231 1050 1285 wisely
1067 1230 1143 1273 but
1159 1234 1231 1274 too
1247 1229 1366 1273 well“
1402 1230 1544 1282 Quint.
1564 1234 1602 1283 6,
1623 1230 1761 1286 1,53).

248 1301 479 1347 Acerbiore
520 1302 598 1347 sub
639 1302 765 1347 finem
814 1303 1166 1358 exprobratione,
1219 1304 1274 1347 ad
1315 1304 1552 1358 proximam
1593 1306 1761 1358 partem

247 1376 470 1420 transitur.

363 1448 633 1493 Probatio
681 1451 790 1494 enim
837 1454 1007 1495 constat
1045 1451 1272 1494 maximam
1302 1453 1470 1504 partem
1501 1462 1552 1492 ex
1583 1448 1761 1504 amplifi-

249 1521 418 1565 catione
456 1522 607 1572 (Anax.
642 1526 680 1578 5,
712 1527 752 1576 4,
789 1523 846 1578 7),
878 1523 1097 1575 adhibitis,
1128 1527 1175 1566 ut
1207 1523 1306 1574 dixi,
1337 1523 1501 1569 τελικοῖς
1532 1522 1763 1578 κεφαλαίοις

249 1593 328 1649 (Ib.
362 1594 384 1650 ἓ
417 1596 473 1651 2).
534 1592 846 1639 Firmissimum
878 1600 946 1639 est
971 1599 1266 1651 argumentum
1295 1592 1338 1635 τὸ
1369 1595 1578 1651 τεκμήριον
1611 1594 1761 1651 (Anax.

249 1680 284 1711 6.
320 1667 412 1724 10),
458 1669 775 1723 comparatione
807 1669 923 1712 facta
954 1668 1191 1724 (488—95)
1234 1668 1389 1721 prioris
1428 1668 1542 1710 vitae
1580 1680 1674 1711 cum
1715 1680 1762 1710 re

248 1739 482 1797 praesenti
512 1741 619 1797 (τοὺς
651 1743 738 1784 τότε
769 1775 778 1783 .
812 1775 821 1783 .
855 1776 862 1783 .
897 1776 904 1783 .
939 1740 987 1784 τὰ
1027 1743 1125 1798 νῦν).
1198 1741 1301 1784 111116
1344 1741 1587 1795 egreditur,
1633 1741 1670 1785 si
1711 1754 1761 1785 ea

249 1817 317 1857 est
348 1814 537 1870 egressio
569 1827 680 1868 quae
712 1815 871 1869 optime
903 1827 998 1857 cum
1028 1813 1386 1868 praecedentibus
1408 1815 1571 1857 haeret.
1635 1814 1761 1865 Quin-

247 1885 423 1928 tilianus
454 1885 565 1928 enim
589 1899 597 1927 ε
632 1885 776 1941 „Idem
805 1884 897 1929 fieri
920 1898 1003 1928 non
1032 1885 1241 1929 inutiliter
1271 1888 1428 1939 potest,
1461 1889 1509 1928 ut
1539 1885 1577 1928 si
1608 1885 1762 1928 merita

247 1957 291 2000 in
333 1957 625 2001 adversarium
679 1959 823 2013 aliqua
865 1958 1133 2012 exposueris,
1174 1959 1217 2000 in
1261 1959 1479 2011 ingratum
1516 1945 1757 2000 inueharis“

249 2028 308 2086 (4,
342 2033 379 2083 3,
413 2032 467 2085 7).

366 2103 470 2146 Inde
502 2104 660 2158 excipit
691 2105 899 2161 epilogus,
932 2105 1095 2159 longior
1126 2117 1203 2158 pro
1236 2101 1393 2146 ceteris
1426 2104 1634 2147 orationis
1663 2118 1760 2158 par-

248 2173 363 2220 tibus
394 2176 475 2232 (vv.
507 2176 569 2220 XI
600 2189 623 2221 e
654 2189 817 2221 summa
847 2189 1044 2221 versuum
1076 2176 1188 2233 LV),
1237 2176 1313 2220 sed
1353 2180 1479 2231 aptus
1520 2176 1574 2220 ad
1619 2180 1762 2221 tantos

249 2247 427 2290 affectus
461 2247 709 2291 efferendos.
770 2250 1045 2292 Enumeratio
1092 2250 1264 2303 egregie
1307 2250 1498 2292 variatur
1538 2250 1698 2304 (Quint.
1725 2254 1763 2302 6,

253 2322 289 2372 l,
322 2319 365 2374 2)
408 2331 502 2363 cum
539 2320 677 2364 ironia
715 2321 804 2376 (Ar.
839 2320 915 2364 Rh.
951 2324 997 2374 3,
1033 2323 1097 2375 19,
1160 2321 1292 2363 Anax.
1326 2322 1379 2362 22
1412 2320 1593 2377 εἰρωνεία
1626 2355 1634 2363 .
1668 2354 1675 2362 .
1709 2353 1717 2362 .
1752 2354 1759 2361 .

250 2391 289 2432 ἐν
319 2394 374 2447 τῷ
403 2392 491 2448 περί
521 2400 594 2434 τῶν
627 2393 843 2449 εἰρημένων
876 2395 1076 2449 συντόμως
1100 2393 1441 2448 ἀναμιμνήσκειν).
1502 2395 1645 2437 Ironia
1675 2395 1761 2437 iam

248 2463 317 2507 hic
346 2463 435 2508 illic
462 2464 656 2509 adhibita
686 2465 803 2524 (472,
835 2465 935 2523 504)
967 2466 1045 2509 hoc
1069 2466 1250 2520 denique
1281 2466 1373 2509 loco
1405 2478 1613 2510 summam
1644 2479 1763 2510 acer-

250 2535 428 2579 bitatem
457 2537 601 2581 habet.
635 2563 688 2569 —
719 2540 828 2583 Dein
860 2539 941 2583 sibi
972 2541 1403 2594 commiserationem,
1452 2545 1599 2584 contra
1630 2541 1764 2589 virum

248 2608 584 2666 indignationem
624 2615 765 2655 movet
805 2612 983 2668 (Cornif.
1018 2616 1066 2665 2,
1102 2616 1168 2665 30,
1202 2614 1288 2670 49).
1350 2614 1443 2658 Huc
1485 2613 1673 2667 pertinet
1703 2613 1763 2655 lo-

250 2695 323 2728 cus
359 2683 515 2728 tertius
546 2683 734 2730 decimus
765 2686 877 2742 apud
910 2687 1155 2731 Ciceronem
1185 2688 1291 2741 (Inv.
1318 2692 1353 2741 1,
1373 2692 1441 2740 55,
1467 2686 1592 2744 109):
1629 2686 1765 2743 „quod

337 2790 345 2798 .
380 2789 389 2799 .
424 2756 536 2801 male
565 2760 801 2803 tractemur
818 2758 873 2804 ab
904 2759 958 2804 iis
991 2793 1000 2803 .
1032 2795 1040 2803 .
1072 2792 1081 2802 .
1115 2759 1267 2815 quibus
1294 2760 1476 2815 benigne
1497 2757 1762 2804 fecerimus“.

1389 2853 1449 2894 2*
