1910 3154
936 111 990 152 28

197 226 303 268 illud
349 226 619 268 notissimum
665 226 717 267 de
758 225 1037 278 Gigantibus:
1084 226 1191 268 illud
1233 226 1414 279 denique
1461 226 1513 269 de
1556 226 1715 269 Zetho:

199 297 278 352 frg.
316 302 408 342 l8l.
469 297 626 354 Ζῆθος·
671 296 887 354 Εὐριπίδης
918 300 1059 354 σαφῶς
1090 298 1323 354 ἐτυμολογεῖ
1351 314 1386 340 κ.
1420 315 1452 341 τ.
1485 300 1520 341 λ.
1554 298 1714 355 (Etym.

199 371 307 413 Gud.
340 385 379 425 p.
415 374 511 425 230,
546 375 612 424 57,
645 385 711 425 ap.
745 371 927 426 Nauck).
998 372 1193 426 Itemque
1225 372 1278 414 de
1310 373 1569 426 Amphione:
1609 372 1716 427 λέγει

198 442 416 500 Εὐριπίδης
448 477 456 485 .
491 477 499 486 .
534 477 542 486 .
576 478 584 485 .
625 442 875 500 ἐτυμολογῶν
916 444 1073 499 (Etym.
1116 444 1172 487 M.
1204 458 1245 499 p.
1280 448 1347 498 92,
1382 448 1457 499 24,
1503 446 1583 502 frg.
1621 448 1715 501 182,

197 530 262 570 ap.
294 517 476 572 Nauck).

311 590 591 644 Protagoram
632 590 762 633 etiam
795 603 948 644 magno
990 602 1083 633 cum
1115 589 1258 634 fructu
1288 579 1551 645 reipublicae
1582 591 1717 635 inter-

196 664 328 706 fuisse
352 664 521 715 scimus‚
553 664 637 718 qui,
669 663 849 706 Periclis
870 663 1001 715 iussu,
1037 663 1201 706 colonia
1232 663 1288 706 ad
1307 663 1490 707 Thurios
1518 664 1717 717 deducta,

196 737 360 780 civitati
392 737 510 791 leges
543 736 865 790 composuisset.
927 736 984 779 Et
1026 736 1069 778 in
1096 735 1206 778 libro
1238 736 1335 791 illo,
1382 736 1611 792 ἀντιλογιῶν
1645 736 1716 778 δύο

193 810 339 865 (Diog.
373 810 420 851 L.
456 813 494 863 9,
528 813 595 863 55,
630 809 682 851 cf.
717 813 755 860 3,
790 813 856 860 37,
890 810 990 863 57),
1026 804 1179 852 ‘inesse
1212 809 1411 852 dicuntur
1441 810 1575 853 multa
1607 823 1715 864 quae

193 883 336 942 Plato⁴
368 883 411 925 in
456 894 578 926 suam
607 880 933 936 Rempublicam
976 881 1213 925 transtulit.
1275 881 1414 925 Multa
1445 886 1488 926 et
1531 882 1714 937 diversa,
1801 884 1807 890 '

192 960 241 998 ut
271 955 319 998 fit
348 956 392 997 in
424 954 801 998 dissertationibus
818 954 1050 1010 (ἀντιλογία,
1084 953 1341 1009 ἀντιλογικά),
1377 955 1528 1011 quales
1548 955 1593 997 in
1624 955 1714 997 dia-

192 1028 288 1082 logo
342 1028 583 1084 Protagora
626 1027 832 1081 legimus‚
880 1027 1028 1070 eodem
1069 1026 1255 1070 fortasse
1295 1031 1520 1071 contracta
1579 1031 1714 1072 erant.

193 1102 303 1145 Utut
334 1098 411 1153 sit,
452 1101 607 1144 irridet
637 1100 950 1154 Aristophanes
982 1100 1229 1154 Euripidem
1263 1113 1314 1144 ea
1345 1101 1399 1143 de
1430 1113 1560 1144 causa
1588 1101 1715 1155 (ἀντι-

193 1176 336 1228 λογιῶν
370 1174 476 1217 Ran.
510 1177 588 1215 771
624 1172 722 1227 sq.).

309 1247 503 1300 Denique
533 1247 795 1301 Protagoras
835 1245 1005 1289 diversa
1046 1250 1090 1289 et
1134 1246 1269 1289 multa
1310 1246 1463 1289 docere
1495 1246 1715 1301 professus

193 1323 272 1371 est,
304 1323 352 1363 ut
384 1320 456 1374 qui
486 1319 617 1362 fuerit
646 1319 739 1373 ipse
772 1319 1041 1366 δυνατώτατος
1072 1317 1120 1360 τὰ
1149 1323 1217 1374 τῆς
1249 1319 1404 1366 πόλεως
1434 1317 1500 1360 καὶ
1531 1318 1710 1376 πράττειν

190 1391 256 1433 καὶ
288 1392 428 1447 λέγειν.
499 1392 557 1434 Et
594 1392 822 1445 Euripides
872 1404 1000 1445 saepe
1042 1392 1160 1434 varia
1202 1391 1480 1436 commiscens
1525 1391 1714 1447 offendit,

191 1465 307 1508 haud
340 1477 474 1519 capax
513 1465 585 1507 ille
626 1464 798 1518 quidem
838 1463 1102 1518 reipublicae
1139 1464 1528 1517 administrandae,
1570 1465 1714 1509 rheto-

191 1538 306 1581 ricus
337 1541 484 1580 tamen
514 1538 687 1580 minime
710 1536 988 1591 spernendus.
1050 1537 1169 1579 Idem
1193 1537 1377 1593 Isocrati
1409 1536 1611 1593 contigit3
1644 1538 1715 1592 qui

190 1609 320 1653 rebus
351 1608 535 1663 publicis
565 1609 726 1663 impar,
758 1609 802 1651 id
834 1608 915 1651 sibi
949 1609 1115 1665 gloriae
1146 1608 1272 1661 fecit,
1306 1621 1377 1661 se,
1409 1610 1714 1654 additamentis

191 1683 357 1725 alienae
389 1681 627 1735 sapientiae
659 1680 863 1735 sublatis,
895 1693 1047 1735 puram
1079 1680 1250 1723 dicendi
1280 1680 1550 1735 disciplinam
1580 1682 1714 1725 tradi-

192 1756 256 1799 dit
287 1754 429 1810 (Dion.
463 1754 515 1797 de
547 1758 655 1797 orat.
690 1757 790 1797 ante
821 1754 952 1797 Isocr.
991 1758 1026 1808 1,
1060 1766 1126 1808 ap.
1160 1753 1370 1808 Vitringa,
1406 1767 1445 1808 p.
1483 1755 1596 1809 178).

305 1828 499 1872 Eandem
530 1827 574 1870 in
605 1827 787 1870 Prodico
826 1826 1228 1870 contaminationem
1259 1826 1407 1870 videas
1439 1827 1510 1882 qui
1542 1831 1586 1871 et
1615 1827 1713 1873 rhe-

190 1902 299 1946 toris
332 1905 376 1944 et
407 1900 652 1955 philosophi
672 1903 821 1954 partes
852 1898 1076 1943 obtinebat
1106 1912 1185 1942 nec
1206 1900 1376 1953 patriae
1398 1899 1529 1944 rebus
1559 1900 1711 1945 defuit.

94 2008 103 2011 -
191 1977 234 2019 Is
266 1975 378 2019 enim
409 1974 493 2018 Ceo
523 1974 665 2017 insula
695 1976 835 2028 natus,
868 1985 998 2027 saepe
1021 1986 1046 2015 a
1078 1972 1253 2016 civitate
1284 1985 1362 2016 sua
1390 1973 1560 2028 legatus
1579 1974 1712 2017 Athe-

191 2048 257 2091 nis
305 2046 480 2098 aderat,
522 2044 667 2099 ibique
709 2044 881 2087 scholas
911 2043 1064 2087 habuit
1106 2043 1185 2099 (Pl.
1227 2043 1354 2097 Hipp.
1386 2043 1488 2086 Mai.
1521 2046 1604 2087 282
1636 2044 1715 2099 0.).

191 2122 241 2164 In
272 2132 450 2164 numero
482 2117 747 2162 audientium
778 2117 1008 2171 Euripides
1039 2116 1134 2169 fuit,
1168 2120 1212 2160 et
1242 2116 1413 2171 quidem
1444 2116 1499 2160 ad
1529 2117 1715 2161 rhetori-

193 2207 285 2237 cam
332 2192 581 2235 discendam
624 2191 791 2245 (Thom.
833 2190 949 2246 Mag.
994 2190 1120 2244 Syn.;
1162 2188 1213 2232 cf.
1258 2189 1344 2232 Vit.
1377 2189 1478 2232 Eur.
1519 2194 1563 2233 et
1605 2190 1715 2233 Gell.

191 2265 243 2309 N.
275 2266 325 2309 A.
362 2268 428 2317 15,
463 2265 550 2318 20).

305 2339 504 2382 Breviter
534 2337 666 2392 igitur
693 2336 983 2380 enumeranda
1014 2340 1127 2389 sunt,
1160 2349 1269 2391 quae
1301 2336 1363 2379 illi
1395 2349 1489 2380 cum
1509 2336 1717 2392 Euripide

190 2411 431 2457 communia
462 2423 557 2455 esse
588 2411 827 2453 videantur.
890 2409 998 2453 Fere
1042 2413 1090 2453 ut
1136 2410 1422 2464 Protagoras,
1467 2410 1641 2465 scripsit
1681 2411 1718 2454 i's

190 2497 357 2542 quoque
388 2482 477 2540 περὶ
509 2482 713 2539 ὀνομάτων
746 2483 958 2539 ὀρθότητος
992 2483 1127 2537 (Crat.
1162 2482 1273 2526 Plat.
1310 2486 1393 2527 348
1424 2484 1518 2538 B.),
1559 2484 1602 2526 in
1634 2497 1716 2539 quo

189 2558 301 2602 libro
331 2557 447 2600 inter
478 2557 587 2609 alia,
629 2560 677 2599 ut
707 2556 900 2607 videtur,
944 2555 1181 2610 collegerat
1210 2555 1335 2610 plura
1366 2554 1574 2599 vocabula
1603 2556 1716 2599 idem

189 2631 461 2677 declarantia
502 2633 546 2674 et
589 2629 873 2673 distinxerat:
919 2628 987 2672 cui
1027 2628 1171 2672 studio
1210 2628 1438 2673 ridiculum
1470 2629 1514 2672 in
1545 2629 1717 2674 modum

189 2706 234 2749 in
263 2705 504 2758 Protagora
536 2703 709 2759 dialogo
742 2702 818 2745 dat
863 2714 1039 2756 operam
1071 2702 1172 2756 (337
1206 2702 1287 2756 A.).
1346 2702 1405 2744 Et
1434 2702 1513 2745 hoc
1544 2702 1717 2757 Euripi-

190 2778 331 2824 deum.
393 2777 453 2822 Ut
484 2776 690 2831 exemplis
721 2778 844 2830 utar3
886 2775 995 2820 duas
1034 2773 1156 2820 verbi
1197 2772 1333 2824 αἴδοῦς
1374 2773 1720 2833 significationes

180 2852 401 2914 distinxit.
458 2851 580 2910 Frg.'
599 2853 679 2896 367
698 2864 707 2894 :
