1910 3154
872 721 1068 773 Vita.

314 844 419 897 Ego,
453 844 637 888 Thomas
668 846 837 897 Miller,
869 849 996 889 natus
1028 859 1122 890 sum
1156 858 1264 888 anno
1300 849 1408 888 1839
1441 845 1484 887 in
1515 843 1656 895 Leck‚
1690 843 1732 884 in

198 914 404 958 comitatu
425 916 636 971 DonegaL
670 929 721 958 ex
752 918 1094 970 septemtrionali
1115 916 1351 959 Hiberniae
1383 921 1522 970 parte.
1584 916 1730 966 Pater,

198 987 284 1029 iam
313 991 531 1040 mortuus,
573 988 679 1031 Iohn
711 989 955 1041 Hamilton,
996 989 1078 1033 fuit
1110 991 1268 1032 Rector
1307 989 1563 1043 parochiae,
1613 991 1656 1030 et
1688 988 1729 1029 in

198 1071 298 1101 rure
312 1059 534 1102 Decanus:
566 1064 718 1113 mater,
743 1061 880 1104 adhuc
903 1066 1137 1115 superstes,
1167 1063 1388 1116 Margaret
1404 1061 1607 1115 Melville‚
1631 1064 1731 1104 ante

199 1131 372 1185 nuptias
402 1131 529 1174 Irwin
560 1144 792 1186 cognomen
824 1132 989 1179 habuit.

316 1203 380 1246 Ab
413 1217 522 1247 anno
559 1209 668 1247 1850
699 1218 834 1259 usque
867 1207 921 1248 ad
956 1211 1062 1249 1857
1096 1207 1294 1249 Londinii
1335 1218 1626 1256 commorans,
1670 1205 1731 1247 fui

201 1275 435 1330 discipulus
475 1276 518 1319 in
557 1277 705 1321 schola
738 1277 778 1321 S.
812 1279 949 1322 Pauli.
1013 1279 1116 1322 Inde
1159 1279 1356 1322 continuo
1400 1277 1730 1334 Cantabrigiam

201 1348 380 1390 discessi
411 1349 453 1389 in
485 1349 823 1392 Universitatem
856 1355 900 1393 et
932 1352 1102 1404 quidem
1133 1352 1175 1393 in
1209 1352 1447 1406 Collegium
1480 1350 1551 1393 SS.
1587 1351 1725 1392 Trini-

201 1420 319 1462 tatis.
381 1419 445 1462 Ibi
479 1420 642 1463 electus
673 1422 716 1463 in
753 1425 863 1464 1860
897 1422 1136 1476 Scholaris,
1181 1426 1354 1465 creatus
1397 1435 1490 1465 sum
1529 1422 1573 1463 in
1618 1424 1728 1463 1862

200 1492 518 1535 Baccalaureus
561 1493 728 1536 Artium
779 1498 822 1536 et
859 1494 1025 1547 justum
1069 1499 1169 1548 post
1211 1494 1484 1537 intervallum
1523 1493 1732 1546 Magister

202 1563 384 1605 Artium.
445 1563 494 1604 In
527 1566 635 1605 1862
668 1568 845 1607 vocatus
877 1565 920 1606 in
955 1565 1192 1621 Collegium
1224 1566 1436 1620 Reginale
1475 1564 1536 1607 fui
1569 1564 1731 1618 Socius,

202 1635 360 1677 Lector
390 1635 433 1676 in
464 1635 645 1678 classica
674 1636 951 1690 Philologica‚
984 1638 1235 1681 Praelector
1267 1643 1311 1680 et
1340 1638 1552 1680 Decanus.
1614 1636 1733 1691 Inde,

201 1711 300 1761 post
330 1711 470 1750 totum
500 1707 591 1750 fere
625 1721 778 1750 annum
810 1709 852 1750 in
885 1709 1014 1751 Italia
1046 1708 1332 1763 absumptum,
1367 1708 1419 1751 ab
1457 1712 1563 1751 1867
1597 1720 1732 1761 usque

202 1780 257 1823 ad
292 1783 402 1823 1880
433 1780 582 1822 literas
613 1779 817 1823 docebam
848 1781 889 1822 in
923 1781 1079 1824 scholis
1112 1782 1239 1824 dictis
1263 1779 1526 1834 Haileybury
1544 1779 1730 1833 College,

202 1848 494 1907 Uppingham‚
535 1853 781 1906 University
816 1853 988 1906 College
1028 1853 1278 1907 (Londinii).
1341 1853 1444 1894 Inde
1476 1855 1653 1894 vocatus
1686 1852 1729 1893 in

201 1925 365 1968 Novam
385 1925 648 1979 Zelandiam‚
679 1925 838 1968 Rector
868 1924 1035 1978 praefui
1069 1925 1240 1967 scholae
1264 1924 1406 1966 dictae
1430 1923 1542 1977 High
1563 1922 1730 1973 School,

203 1997 522 2041 Christchuroh.

318 2070 511 2124 Denique
542 2070 585 2112 in
621 2072 730 2112 1884
760 2068 863 2111 mihi
891 2067 1142 2123 Gottingam
1177 2067 1298 2110 adire
1331 2066 1527 2121 contigit,
1559 2064 1633 2107 ubi
1663 2077 1730 2107 me

201 2142 347 2186 studia
378 2142 451 2185 diu
481 2142 662 2185 remissa
692 2144 1004 2185 retractantem
1026 2141 1207 2183 multum
1231 2139 1388 2183 debere
1405 2136 1731 2182 Professoribus

202 2214 427 2265 Goedeke,
475 2214 646 2267 Heyne,
690 2214 754 2255 W.
788 2213 966 2266 Miiller,
1009 2225 1090 2254 von
1121 2211 1404 2254 Wilamowitz
1450 2210 1637 2252 libenter
1681 2222 1732 2251 ex

200 2287 342 2332 animo
372 2284 588 2342 profiteor.
