1910 3154
912 124 963 162 56

187 247 282 276 rum
330 234 569 277 civitatium
620 233 748 278 affert
794 233 969 290 (πράξεις
1012 235 1147 289 ὅμοιαι
1194 236 1267 276 Αη.
1314 248 1347 277 c.
1390 238 1428 286 9,
1473 235 1520 290 ἓξ
1555 238 1603 287 1,
1639 234 1724 288 12).

188 305 534 359 Propositionem
578 319 604 348 a
644 307 858 360 principio
899 306 1169 360 probationis
1202 306 1304 363 (147
1316 301 1440 359 -52)
1483 307 1539 349 ad
1581 309 1727 349 osten-

190 377 374 420 dendam
407 378 705 431 quaestionem
736 379 1020 433 principalem
1050 378 1187 422 habes
1219 378 1382 433 (Quint.
1400 382 1439 430 4,
1466 383 1506 431 4,
1543 379 1598 435 1),
1631 391 1727 422 cum

189 462 274 503 qua
315 450 588 504 coniungitur
631 456 931 505 argumentum
974 463 1026 494 ex
1066 452 1260 504 exemplo
1303 455 1544 494 ceterarum
1577 452 1725 494 civita-

189 521 325 565 tium:
367 522 480 565 unde
524 522 663 566 oritur
708 523 980 577 enthymema
1012 522 1348 565 Anaximeneum
1380 520 1444 579 (σὲ
1477 523 1592 577 μόνον
1629 525 1724 565 151.

189 592 362 636 ἐνάντιον
393 599 449 651 τῷ
478 593 560 636 ἔθει
589 598 667 636 τῶν
699 594 942 651 πραγμάτων
988 596 1120 638 Anax.
1159 600 1224 648 11,
1258 598 1296 638 2.
1339 602 1414 637 τῶν
1447 593 1725 651 παραδειγμά-

190 682 268 707 των
303 699 310 707 .
346 698 354 707 .
392 700 400 709 .
436 698 443 706 .
478 665 547 714 τὰς
579 666 766 714 τελευτὰς
797 668 1151 723 ἐνθυμηματώῧεις
1173 667 1372 708 ποιεῖσθαι
1406 670 1473 718 33,
1499 666 1556 723 3).
1619 667 1724 710 Inde

191 738 514 792 comparatione
557 739 760 782 instituta
813 739 941 782 affert
995 739 1244 783 Utilitatem
1287 738 1342 792 (τί
1380 740 1582 795 κερδανεῖς
1626 739 1727 790 154)

192 813 237 853 et
265 810 380 853 idem
412 810 580 854 diverse
611 811 842 854 tractando
873 815 1000 866 urget
1032 810 1308 867 (παρατιθέναι
1326 810 1364 853 ἕν
1387 810 1484 867 πρὸς
1504 810 1558 854 ἕν.
1589 811 1724 854 Anax.

193 885 261 934 34,
299 883 354 936 1).
417 883 527 927 Suas
549 896 653 938 opes
673 883 817 927 verbis
841 888 971 938 auget
1002 884 1188 939 (τόσηνδε
1209 884 1346 940 χεῖρα)
1379 883 1616 927 adversarii
1648 883 1728 926 mi-

191 952 285 995 nuit
316 952 518 1008 (γέροντος
550 985 558 994 .
594 986 602 994 .
638 987 646 996 .
679 952 722 995 τὸ
757 953 881 1009 μηδὲν
914 953 1056 1009 ὄντος).
1119 954 1203 997 Pro
1234 966 1283 997 re
1316 952 1465 996 confer
1497 953 1726 996 Anaxime-

191 1035 312 1066 nem:
356 1022 406 1065 τὰ
446 1023 515 1079 μὲν
557 1028 704 1067 σαυτοῦ
745 1025 933 1079 αὔξοντα,
977 1024 1026 1067 τὰ
1068 1024 1112 1066 δὲ
1153 1028 1230 1066 τῶν
1260 1024 1445 1066 ἐναντίων
1478 1025 1624 1079 ἀσθενῆ
1656 1022 1723 1064 καὶ

194 1093 314 1150 μικρὰ
354 1098 543 1137 ποιοῦντα
585 1097 640 1152 (c.
687 1101 764 1150 34,
802 1101 860 1148 1).
932 1097 1083 1140 Finem
1130 1097 1374 1152 Aequitatis
1424 1110 1506 1139 non
1557 1096 1727 1139 omnino

192 1166 391 1222 neglegit
410 1169 514 1221 (162
528 1168 648 1220 —-4):
681 1169 831 1211 statim
852 1172 997 1211 tamen
1022 1169 1078 1210 ad
1098 1167 1346 1211 Utilitatem
1377 1168 1493 1210 redit
1514 1168 1615 1222 (165
1630 1167 1728 1221 sq.),

193 1250 332 1291 neque
363 1238 454 1293 illa,
485 1251 595 1293 quae
626 1239 874 1292 intervenit,
907 1243 1008 1283 ante
1040 1239 1265 1293 occupatio
1297 1239 1403 1292 (169
1419 1238 1501 1292 sq.)
1535 1243 1729 1281 tenorem

195 1311 584 1363 argumentationis
625 1313 800 1366 rumpit.
853 1312 990 1355 Porro
1021 1312 1198 1354 nuntius
1250 1324 1301 1353 ex
1342 1309 1635 1353 communibus
1675 1309 1729 1352 de

191 1380 416 1434 republica
446 1382 552 1426 locis
583 1386 726 1426 tracta
760 1387 1015 1438 argumenta
1051 1382 1177 1426 affert
1208 1380 1295 1436 (τὰς
1325 1380 1458 1429 κοινὰς
1489 1381 1597 1428 ἰδέας
1629 1414 1638 1422 .
1672 1414 1681 1423 .
1719 1413 1728 1421 .

192 1451 391 1508 ἐπιφέρειν
425 1455 556 1497 Anax.
595 1456 726 1510 3,1).
789 1455 965 1499 Scilicet
997 1457 1140 1511 Argos
1190 1455 1380 1497 validum
1420 1458 1487 1497 est
1527 1454 1607 1508 (δεῖ
1648 1454 1731 1493 δει-

194 1523 331 1567 κνύναι
361 1525 452 1573 τοὺς
481 1526 710 1583 συμμαχίαν
742 1527 1002 1583 ποιουμένους
1035 1559 1043 1569 .
1075 1559 1083 1568 .
1119 1560 1127 1568 .
1163 1525 1325 1581 δύναμιν
1359 1523 1533 1581 μεζάλην
1566 1522 1682 1581 ἔχοντ
1669 1539 1731 1571 ας

196 1609 230 1639 c.
266 1600 305 1651 3,
337 1597 385 1652 ἐξ
418 1601 487 1650 24,
520 1598 608 1652 25).
672 1598 808 1650 Quam
851 1598 956 1641 belli
985 1611 1160 1642 causam
1191 1597 1358 1641 habet?
1394 1599 1497 1651 (162
1529 1608 1592 1650 sq.
1626 1594 1732 1652 ἀμύ-

194 1684 272 1709 νων
317 1668 544 1726 συμμάχοις
587 1670 709 1725 (164)
753 1669 805 1713 cf.
847 1669 1073 1726 ἀμυνάσθαι
1125 1668 1215 1717 τοὺς
1259 1670 1525 1724 ἀδικήσαντας
1567 1701 1574 1710 .
1609 1700 1618 1710 .
1653 1701 1661 1709 .
1703 1671 1730 1724 ἢ

197 1739 423 1796 συμμάχοις
469 1742 744 1797 ἀδικουμένοις
787 1743 927 1798 βοηθε
915 1758 946 1783 ιν
988 1743 1011 1797 g
1051 1741 1141 1797 27).
1219 1742 1345 1785 Cives
1386 1740 1729 1794 reprehendent.

196 1813 303 1856 nihil
347 1814 460 1856 enim
501 1827 553 1857 ex
583 1814 785 1858 Utilitate
826 1815 1006 1869 proponi
1040 1826 1167 1868 posse
1199 1813 1389 1869 (165—6
1435 1815 1504 1854 τοῦ
1535 1815 1583 1868 τῇ
1618 1813 1732 1854 πόλει

198 1885 467 1941 συμφέροντος
510 1887 653 1941 §27).
714 1887 910 1940 Denique
969 1899 1090 1940 spem
1138 1886 1311 1929 futurae
1360 1885 1564 1928 utilitatis
1608 1885 1733 1939 quasi

197 1958 456 2011 praecidens
496 1958 540 2000 in
581 1962 682 2001 ante
724 1960 1005 2013 occupatione
1048 1971 1205 2012 pueros
1250 1962 1397 2001 aetate
1429 1957 1597 2000 infirma
1629 1969 1732 1999 non-

198 2030 301 2073 dum
345 2030 401 2072 ad
433 2029 674 2074 subsidium
712 2031 842 2074 utiles
887 2031 1042 2073 irridet
1073 2030 1171 2086 (οὐχ
1203 2063 1211 2071 .
1246 2062 1255 2071 .
1293 2063 1301 2071 .
1336 2062 1344 2070 .
1377 2027 1480 2070 κατὰ
1510 2027 1601 2076 τοὺς
1632 2044 1732 2084 προ-

198 2103 393 2157 σήκοντας
422 2101 584 2158 καιρούς
615 2102 637 2157 ἓ
669 2102 755 2158 25).
818 2102 1066 2145 Notandum
1108 2107 1175 2145 est
1214 2105 1388 2156 poetam
1433 2102 1477 2143 in
1522 2101 1603 2144 hac
1636 2113 1733 2143 ora-

197 2174 316 2216 tione
347 2186 373 2215 a
405 2175 633 2216 sententiis
667 2173 940 2216 abstinuisse.
967 2198 1015 2204 —
1053 2174 1267 2224 Quantum
1292 2174 1361 2216 hic
1393 2174 1530 2215 distat
1561 2174 1732 2226 legatus

199 2258 225 2289 a
254 2245 404 2289 nuntio
447 2245 521 2288 illo
569 2245 689 2289 cuius
737 2245 1016 2289 dicacitatem
1048 2245 1242 2288 Theseus
1282 2244 1326 2287 in
1358 2242 1634 2298 Supplicibus
1664 2255 1733 2286 re-

198 2317 440 2371 prehendit.

315 2388 425 2432 Dein
457 2389 603 2433 Iolaus
635 2389 793 2443 Argivo
824 2388 1085 2443 respondet3
1129 2391 1173 2431 et
1215 2387 1387 2442 quidem
1430 2387 1474 2428 ἐκ
1504 2389 1573 2429 τοῦ
1604 2401 1735 2442 παρα-

198 2460 433 2515 λειπομένου
466 2461 564 2514 (Αη.
598 2464 667 2512 37,
700 2462 787 2515 27).
849 2461 1044 2517 Legatus
1086 2461 1267 2503 maxime
1298 2460 1545 2503 Utilitatem
1577 2463 1730 2515 urget3

198 2532 267 2575 hic
300 2532 587 2576 Honestatem
618 2533 738 2575 cuius
769 2532 854 2575 vim
884 2532 1162 2586 Demophoon
1196 2532 1395 2588 agnoscit
1428 2531 1564 2585 (242).

317 2605 352 2647 A
395 2603 607 2658 principio
648 2603 813 2647 refutat
853 2603 1106 2659 (προθέμενοι
1139 2601 1236 2659 μετὰ
1273 2601 1318 2644 τὸ
1355 2601 1560 2658 προοίμιον
1592 2600 1732 2643 διαλύ-

199 2691 319 2731 σομεν
366 2676 443 2718 An.
479 2678 556 2730 37,
601 2678 678 2730 27,
728 2679 969 2720 184—188
1003 2697 1057 2713 =
1094 2678 1361 2728 136—-1433
1414 2675 1640 2718 191—201
1679 2694 1734 2711 =

203 2749 434 2802 144—52).
496 2748 555 2791 Et
584 2748 768 2802 primum
800 2750 853 2792 de
885 2750 1106 2803 aequitate
1128 2749 1325 2802 disputat
1355 2747 1735 2802 (186,190,194,);

202 2819 357 2864 callide
388 2819 570 2864 invicem
610 2819 665 2863 de
697 2819 868 2876 legibus
900 2820 1000 2864 silet
1043 2820 1089 2876 (ἃ
1121 2818 1189 2876 μὲν
1222 2818 1370 2869 εἰδέναι
1399 2816 1490 2866 τοὺς
1521 2817 1737 2866 ἀκούοντας
