1910 3154
934 92 988 131 70

309 202 405 246 Non
449 215 549 246 raro
591 216 669 257 pro
711 204 838 258 plena
879 204 1200 247 enumeratione
1239 207 1359 247 stant
1390 198 1602 259 quaedam
1632 209 1730 248 tan-

193 288 321 328 quam
353 275 562 317 formulae
595 277 810 329 loquendi,
844 280 892 318 ut
917 277 1031 329 apud
1054 280 1251 319 oratores
1275 276 1533 331 (Volkmann
1550 290 1590 331 p.
1612 278 1728 331 264).

193 346 262 390 Sic
296 345 448 403 εἴρηται
481 348 598 401 λόγος
631 348 703 391 Or.
741 351 849 391 1203
885 349 1005 403 (post
1036 348 1222 402 quinque
1255 346 1415 402 verba).
1479 348 1548 392 Sic
1568 349 1727 392 Phoen.

195 422 305 460 1012
339 419 557 473 (sequitur
598 420 713 472 capti
760 420 928 462 consilii
970 418 1162 474 mentio).
1237 420 1305 461 Sic
1351 421 1510 460 τοσαῦτ’
1551 420 1727 468 ἀκούσας

188 488 269 532 ἴσθι
302 490 393 546 (Or.
429 493 559 546 627);
607 489 655 533 τὰ
700 490 767 547 μὲν
810 492 903 548 παρ’
946 493 1059 548 ἡμῶν
1102 490 1201 533 πάντ
1205 490 1352 548 ’ἔχεις
1384 492 1560 547 (Phoen.
1595 493 1726 549 953):

188 561 237 604 ἵν’
271 564 381 619 εἰδῇς
414 563 453 604 οἷ
480 566 570 604 τετε)
552 566 709 619 -υτήσω
744 565 803 604 λό
801 581 860 618 (ον
894 564 1069 618 (Troad.
1101 567 1208 606 1029
1229 564 1425 617 Sequitur
1442 564 1725 620 exhortatio)’

191 634 217 677 ἅ
248 634 433 690 γἐἶπας
504 636 756 692 ἀντήκουσας
801 636 1188 691 (Heracl.1014):
1230 634 1378 677 τούτων
1421 634 1588 693 ἄμειψαί
1620 636 1660 692 μ’
1692 634 1730 678 εἴ

188 724 223 749 τι
258 708 311 764 μὴ
344 710 478 755 καλῶς
509 708 554 749 λε’
537 725 626 762 “-··.(ω
664 710 714 763 (Ι.
750 710 795 750 A.
834 710 990 762 1206).
1037 708 1192 748 ἅπαντα
1237 711 1361 748 ταῦτα
1402 709 1601 763 συντεμὼν
1643 707 1724 763 ἐγὼ

189 779 346 837 φράσω.
412 780 534 836 (Hec.
573 781 727 836 1180):
768 780 943 824 Poetico
977 780 1119 823 colore
1166 780 1360 823 variata:
1406 779 1445 822 ἓν
1478 782 1725 836 συντεμοῦσα

188 852 317 894 πάντα
345 855 498 908 νικήσω
530 854 659 907 λόγον.
726 854 776 907 (Ι.
814 855 860 895 A.
883 852 1034 908 1206):
1066 851 1133 893 καὶ
1165 856 1289 893 ταῦτα
1322 852 1390 907 μὲν
1424 853 1473 908 δὴ
1507 852 1603 909 πρὸς
1635 853 1723 895 τάδ’

190 924 421 981 ἐξηκόντισα
453 925 619 981 (Suppl.
654 927 771 978 456).

306 998 621 1052 Nonnunquam
665 998 798 1040 etiam
839 998 963 1040 deest
1008 997 1178 1040 omnino
1223 1001 1267 1040 et
1298 998 1565 1041 enumeratio
1598 1003 1641 1042 et
1673 1011 1724 1042 ea

188 1083 300 1125 quae
331 1071 375 1113 in
408 1071 500 1113 eius
533 1071 672 1114 locum
705 1071 953 1124 succedunt,
987 1070 1152 1113 scilicet
1184 1069 1442 1126 significatio
1475 1072 1592 1125 capti
1624 1085 1721 1115 con-

187 1143 273 1186 silii
306 1147 387 1185 etc.
460 1143 508 1184 In
551 1143 631 1184 hoc
672 1155 840 1195 quoque
887 1147 1037 1184 noster
1079 1154 1174 1183 cum
1219 1142 1464 1185 oratoribus
1509 1144 1725 1186 consentit

186 1215 450 1271 (Volkmann
481 1229 521 1268 p.
556 1214 672 1271 271).
707 1239 756 1244 -
793 1213 1034 1268 Aliquando
1067 1226 1118 1256 ea
1151 1217 1219 1256 est
1249 1213 1389 1257 oratio
1421 1215 1464 1257 in
1496 1227 1623 1269 quam
1653 1216 1723 1259 vix

188 1287 317 1329 cadat
349 1287 632 1329 enumeratio.
697 1286 870 1338 Optime
920 1286 1045 1327 deest
1084 1285 1159 1327 ubi
1190 1274 1369 1328 affectus
1401 1290 1503 1328 sunt
1533 1288 1722 1330 concita-

184 1358 342 1401 tiores:
389 1358 492 1401 Hec.
535 1361 618 1401 836
662 1358 1051 1412 (Commiseratio):
1101 1356 1196 1399 Hel.
1240 1361 1324 1410 510
1355 1356 1518 1414 (item):
1565 1359 1721 1403 Troad.

189 1432 299 1472 1029
333 1429 631 1485 (Indignatio).

304 1502 353 1545 Id
386 1503 497 1557 quod
521 1502 814 1555 Quintilianus
846 1502 1068 1556 praecepit
1090 1501 1142 1544 de
1179 1502 1319 1558 „aptis
1339 1502 1591 1547 sententiis“
1626 1502 1722 1547 illu-

185 1577 329 1615 strare
363 1574 567 1626 exemplis
600 1585 967 1626 supervacaneum
1000 1577 1079 1614 est.
1142 1573 1206 1613 Ex
1228 1573 1496 1616 orationibus
1529 1574 1723 1617 CXLVII

184 1643 228 1686 in
260 1643 410 1686 tabula
443 1644 533 1687 fere
565 1645 881 1700 quinquaginta
927 1647 1004 1687 aut
1044 1644 1191 1697 plures
1234 1645 1498 1688 sententiose
1531 1645 1646 1689 dicta
1678 1646 1721 1688 in

185 1716 366 1770 epilogis
399 1718 633 1760 continent.
696 1718 813 1759 Nihil
838 1718 1010 1770 saepius
1042 1717 1256 1770 praecipit
1278 1718 1589 1761 Anaximenes:
1624 1718 1722 1773 μετὰ

183 1792 308 1830 ταῦτα
340 1790 682 1845 γνωμολογητέον.
746 1790 1002 1832 Rhetoricus
1033 1801 1107 1831 eas
1139 1801 1216 1842 pro
1250 1788 1572 1832 confirmatione
1605 1791 1720 1834 haud

183 1861 353 1904 modica
384 1862 529 1904 habet.
593 1862 811 1912 Quantum
852 1862 894 1903 in
937 1874 983 1903 re
1015 1861 1288 1914 praestiterit
1320 1861 1577 1915 Euripideo‚
1618 1863 1721 1906 licet

183 1933 251 1975 vel
283 1946 334 1976 ex
367 1934 559 1976 derisore
584 1934 873 1987 Aristophane
897 1945 1146 1989 cognoscas.
1212 1933 1475 1988 „(Euripidi)
1506 1937 1555 1977 tu
1586 1948 1718 1989 quan-

183 2007 274 2046 tum
308 2007 461 2048 credas
493 2007 652 2049 nescio.
715 2008 807 2059 Ego
848 2011 966 2048 certe
1010 2007 1201 2059 singulos
1234 2006 1324 2048 eius
1367 2019 1518 2049 versus
1550 2009 1720 2064 singula

182 2078 383 2121 veritatis
416 2079 664 2122 testimonia
696 2078 826 2133 puto“
862 2077 926 2134 (Q.
964 2078 1050 2121 Cic.
1085 2078 1139 2120 ad
1171 2078 1216 2120 F.
1254 2081 1318 2128 16,
1352 2080 1411 2133 8).

302 2152 525 2195 Hactenus
558 2153 610 2195 de
652 2165 796 2194 rerum
843 2151 1117 2205 repetitione.
1178 2152 1269 2193 Iam
1302 2151 1356 2194 ad
1390 2151 1570 2196 affectus
1601 2157 1720 2197 tran-

183 2235 368 2267 seamus.
403 2250 453 2254 —
490 2225 687 2268 Oratoris
716 2228 782 2267 est
813 2224 1034 2267 auditores
1066 2222 1254 2277 sibiipsi
1284 2224 1524 2277 conciliare,
1557 2225 1611 2268 ab
1644 2226 1720 2269 ad-

182 2298 376 2340 versario
410 2302 622 2352 avertere,
656 2298 874 2340 concitare
907 2297 1088 2339 affectus
1120 2299 1163 2338 et
1197 2308 1451 2350 componere
1484 2297 1645 2354 (Quint.
1680 2301 1719 2353 6,

187 2372 224 2422 1,
261 2370 346 2423 11).
409 2370 515 2412 Inde
532 2370 619 2412 tria
651 2369 809 2423 capita,
842 2369 1078 2422 miseratio,
1111 2368 1222 2423 ἦθος,
1254 2368 1510 2424 indignatio.
1571 2370 1629 2412 Et
1651 2370 1720 2413 hic

182 2440 310 2484 facile
343 2446 411 2485 est
451 2443 588 2485 iustos
636 2442 779 2495 operis
810 2440 916 2484 fines
949 2440 1127 2497 egredi,
1173 2444 1217 2482 et
1249 2453 1344 2483 cum
1377 2445 1550 2495 poetam
1580 2441 1722 2485 intue-

182 2526 290 2568 mur,
323 2513 364 2556 in
398 2514 548 2568 poesin
580 2526 821 2557 excurrere.
884 2513 944 2557 Ut
975 2517 1121 2556 tamen
1154 2513 1195 2555 in
1228 2511 1386 2556 fabulis
1418 2513 1510 2557 eius
1541 2513 1722 2557 Hecuba

183 2586 291 2629 duas
332 2600 542 2641 personas
589 2588 797 2629 sustinet:
850 2583 1113 2629 miserabilis
1155 2589 1223 2628 est
1267 2586 1417 2640 regina
1459 2587 1583 2641 olim,
1635 2587 1721 2630 iam

181 2671 307 2701 serva
340 2659 458 2701 humi
489 2660 657 2711 iacens3
704 2659 854 2702 eadem
888 2663 1046 2713 tamen,
1080 2662 1268 2710 accusat,
1302 2662 1412 2711 orat,
1445 2659 1486 2701 in
1519 2659 1612 2703 foro
1645 2660 1721 2704 ad-

181 2742 278 2772 esse
309 2730 501 2773 videtur:
536 2732 596 2773 Sic
630 2731 702 2773 ille
733 2731 1027 2786 τραγικώτατος
1059 2729 1107 2773 fit
1140 2730 1467 2786 ῥητορικώτατος.
1593 2718 1597 2723 ”

301 2804 354 2846 Et
387 2807 605 2847 oratorem
648 2816 817 2858 quoque
858 2802 1081 2847 fatendum
1128 2807 1197 2846 est
1236 2816 1318 2846 non
1351 2803 1394 2846 in
1427 2793 1595 2858 epilogo
1626 2807 1722 2848 tan-
