1910 3154
938 88 989 126 57

205 197 381 254 ἐποίησε,
415 197 724 254 παραλείψομεν,
759 198 785 240 ἃ
817 197 860 239 δὲ
891 197 1068 245 δοξάζειν
1098 232 1105 238 .
1141 232 1149 239 .
1188 231 1195 238 .
1230 197 1465 253 διαλύσομεν
1500 211 1534 240 c.
1554 201 1619 248 37,
1642 197 1728 251 27).

203 271 268 314 De
298 271 501 314 Utilitate
534 284 700 325 quoque
732 273 907 315 siletur:
949 273 991 314 in
1025 272 1264 315 Honestate
1296 271 1529 314 tractanda
1561 273 1629 313 est
1661 281 1729 311 co-

203 342 363 397 piosus,
399 347 443 386 et
465 342 634 386 demum
666 342 709 385 in
742 343 911 399 epilogo
935 343 990 386 ad
1023 344 1101 387 hoc
1126 343 1248 397 quasi
1269 341 1557 386 firmissimum
1590 342 1730 383 locum

202 415 366 470 refugit
397 417 514 469 (200,
548 416 662 469 223).
723 416 1054 469 Comparatione
1100 416 1216 459 facta
1257 416 1423 459 animos
1464 414 1730 458 audientium

203 499 375 529 movere
418 488 566 530 studet
609 488 712 540 (193
745 488 841 542 sq).
904 488 995 538 Quo
1034 488 1172 543 magis
1215 491 1505 541 commoveat,
1550 486 1729 528 laudare

203 559 365 613 incipit,
398 560 475 603 sed
505 559 588 602 sibi
618 564 835 613 temperat
876 559 1038 616 (Quint.
1072 564 1111 613 4,
1149 564 1184 613 1,
1220 563 1270 602 16
1305 571 1428 615 „cum
1470 558 1597 601 modo
1635 556 1730 600 fieri

204 630 393 685 debet“).
458 632 591 674 Simul
622 632 734 686 quod
780 633 1018 685 exemplum
1049 632 1324 674 adversarius
1356 635 1595 674 ceterarum
1629 629 1729 672 civi-

203 703 358 746 tatium
390 704 562 758 attulit,
592 704 655 746 ita
684 703 923 747 infirmatur
963 708 1009 747 ut
1049 705 1104 747 ad
1146 705 1331 758 gloriam
1361 704 1629 746 Athenarum
1658 713 1729 744 res

203 773 428 817 redundet.
492 775 585 817 Non
616 775 728 817 enim
759 775 796 817 si
828 775 929 829 quid
960 776 1164 829 oppidula
1194 776 1280 818 ista
1314 774 1629 827 concesserint,
1677 785 1729 815 ea

204 846 298 901 lege
340 850 542 890 tenentur
585 848 884 890 Athenienses.
926 871 980 877 —
1013 847 1213 890 Profecto
1260 852 1440 901 paretur
1481 846 1727 889 Rhetorico.

207 917 249 960 τὸ
284 918 327 960 δὲ
357 918 613 976 παράδειγμα
646 953 653 961 .
688 953 695 960 .
733 953 740 960 .
776 920 928 961 δείκνυε
960 922 1013 967 ὡς
1046 920 1122 975 οὐχ
1154 921 1287 976 ὅμοιον
1323 921 1404 961 ἐστι
1436 921 1532 975 (An.
1557 920 1728 973 37,29).

323 992 598 1034 Refutatione
629 996 831 1046 peracta,
863 993 1007 1035 Iolaus
1039 993 1094 1034 ad
1126 1006 1227 1035 suas
1257 992 1536 1046 probationes
1565 991 1728 1044 pergit:

205 1076 342 1118 neque
374 1064 647 1118 Aequitatem
680 1065 853 1107 deserit.
916 1064 1159 1118 Praecepta
1190 1065 1447 1107 conveniunt
1479 1069 1533 1116 (c.
1559 1067 1582 1105 2
1617 1063 1664 1117 ἐξ
1690 1066 1728 1116 6,

208 1136 263 1190 7).
325 1136 384 1178 Et
415 1136 542 1178 docet
572 1136 740 1189 quidem
774 1139 920 1178 orator
950 1136 1064 1178 inter
1095 1136 1325 1179 Herculem
1357 1136 1653 1188 Theseumque
1687 1137 1731 1176 et

206 1206 462 1250 affinitatem
494 1211 538 1251 et
569 1209 820 1250 societatem
851 1208 1114 1259 interfuisse,
1148 1212 1192 1250 et
1236 1209 1333 1251 huic
1373 1208 1494 1251 illum
1525 1206 1732 1249 beneficia

208 1291 373 1322 summa
391 1280 635 1323 contulisse.
698 1279 883 1331 Quorum
905 1280 991 1322 iam
1024 1280 1139 1322 vices
1168 1280 1330 1333 repetit
1360 1281 1603 1335 (ἀντιδοῦναι
1633 1311 1641 1319 .
1677 1311 1686 1319 .
1721 1310 1730 1319 .

206 1350 320 1408 χάριν
355 1355 438 1394 220
471 1371 525 1387 =
558 1352 688 1394 Thuc.
726 1356 762 1401 1,
794 1356 844 1394 41
880 1352 927 1407 ἣν
973 1350 1126 1408 (χάριν)
1161 1385 1169 1393 .
1205 1387 1212 1395 .
1246 1385 1254 1393 .
1290 1385 1298 1393 .
1343 1353 1594 1406 ἀντιδοθῇναι
1638 1351 1730 1406 ἡμῖν

208 1424 247 1465 ἐν
279 1427 335 1479 τῷ
366 1424 528 1479 παρόντι
569 1422 698 1479 φαμὲν
723 1423 898 1479 χρῆναι).
961 1425 1121 1467 Locum
1154 1438 1232 1477 par
1262 1429 1330 1467 est
1360 1424 1634 1466 Anaximenis
1665 1427 1730 1466 to-

208 1497 297 1536 tum
328 1493 554 1549 perlegere
584 1494 703 1536 cuius
735 1493 918 1536 disiecta
949 1493 1082 1535 verba
1113 1494 1365 1547 apponimus
1398 1493 1451 1549 (c.
1485 1497 1537 1535 35
1573 1493 1729 1548 βοηθεῖν

301 1599 309 1607 .
344 1599 352 1607 .
386 1565 666 1622 προτρέπωμεν
701 1598 708 1607 .
742 1599 750 1607 .
786 1599 793 1607 .
829 1599 836 1607 .
871 1567 1045 1613 ἰδιώταις
1094 1601 1101 1609 .
1138 1600 1145 1607 .
1180 1600 1188 1607 .
1223 1599 1232 1608 .
1278 1567 1311 1608 εἰ
1345 1564 1592 1622 προυπάρχει
1634 1598 1642 1606 .
1677 1597 1685 1605 .
1720 1597 1729 1606 .

205 1636 321 1694 χάρις
355 1670 363 1678 .
399 1670 407 1678 .
441 1669 450 1678 .
484 1636 598 1694 χάριν
642 1636 781 1694 ἔχουσι
814 1671 821 1679 .
857 1670 864 1677 .
903 1672 910 1681 .
943 1635 1089 1679 οἴονται
1120 1638 1268 1692 ἀγαθόν
1301 1655 1336 1680 τι
1366 1637 1601 1679 πεπονθέναι
1633 1670 1641 1677 .
1678 1671 1683 1678 .
1720 1667 1730 1677 .

205 1711 408 1765 συντόμως
443 1709 640 1751 διδάσκειν
671 1708 737 1750 καὶ
768 1708 830 1750 ἐπὶ
862 1709 925 1751 τὸν
958 1708 1066 1751 ἔλεον
1099 1708 1240 1766 ἄγειν).
1303 1710 1464 1761 Quibus
1496 1721 1731 1763 Congruen-

204 1786 274 1825 ter
304 1782 545 1836 insequitur
577 1782 793 1838 epilogus,
825 1782 867 1824 in
900 1794 982 1836 quo
1015 1782 1209 1825 collectis
1248 1782 1410 1825 viribus
1451 1782 1507 1824 ad
1553 1782 1729 1824 misera—

205 1854 367 1897 tionem
396 1854 650 1897 movendam
680 1854 828 1896 instat.

320 1927 368 1969 In
401 1927 627 1970 sententiis
659 1930 787 1980 poeta
827 1926 895 1969 hic
926 1939 1093 1980 quoque
1124 1927 1296 1980 parcior
1328 1930 1418 1969 est:
1463 1925 1530 1968 bis
1561 1929 1730 1969 tantum

206 1997 383 2042 adhibet
416 1999 532 2052 (200,
567 1999 681 2053 202).
744 1999 888 2041 Ironia
921 1999 1058 2041 utitur
1090 1997 1191 2054 (198
1216 1998 1269 2041 cf.
1305 1999 1381 2040 An.
1416 2011 1449 2041 c.
1484 2001 1571 2049 22).

324 2070 474 2113 Oratio
507 2070 663 2124 Coprei
694 2069 826 2113 habet
857 2082 1006 2113 versus
1036 2071 1173 2125 XLV,
1217 2071 1324 2113 Iolai
1356 2070 1423 2112 LI.
1487 2071 1567 2113 Hic
1599 2071 1730 2124 epilo-

205 2154 308 2197 gum
338 2142 561 2194 produxit:
593 2142 772 2184 ramulis
803 2140 946 2195 (ὄζοις)
968 2142 1119 2184 recisis
1143 2145 1327 2195 utraque
1345 2142 1483 2184 oratio
1515 2141 1605 2184 fere
1636 2142 1731 2195 pari

205 2212 502 2268 magnitudine
533 2211 619 2256 fiet.

321 2284 386 2327 Ne
418 2285 519 2338 quid
552 2285 608 2327 ad
639 2284 871 2340 imaginem
903 2283 1042 2338 desit,
1092 2284 1176 2326 iam
1221 2285 1276 2327 ad
1318 2298 1466 2341 regem
1505 2298 1576 2328 res
1604 2284 1730 2328 redit.

206 2355 276 2399 Sic
305 2355 350 2398 in
383 2355 696 2410 disceptatione
725 2356 809 2398 iam
842 2355 976 2398 allata
1009 2368 1059 2397 ex
1079 2355 1324 2411 Thucydide
1356 2357 1413 2411 (p.
1442 2358 1526 2408 41).
1588 2356 1732 2410 Epho-

205 2440 279 2470 rus
310 2440 517 2471 summam
557 2429 621 2471 rei
652 2429 849 2482 exponit:
891 2429 951 2470 sic
984 2428 1166 2481 Hippias
1196 2429 1269 2471 ille
1300 2430 1430 2472 tertio
1463 2430 1556 2472 loco
1587 2430 1731 2472 dicere

204 2498 316 2552 vult,
347 2499 424 2541 sed
470 2499 655 2542 frustra:
704 2499 784 2553 (Pl.
818 2499 934 2541 Prot.
970 2502 1050 2541 347
1082 2499 1149 2552 B).
1220 2499 1277 2541 Et
1323 2499 1524 2553 Sophista
1561 2500 1732 2554 quidem

204 2571 301 2613 novi
332 2571 494 2625 aliquid
526 2571 722 2615 editurus
764 2571 932 2614 fuisset.
996 2570 1296 2625 Demophoon,
1341 2571 1473 2625 copiis
1506 2584 1731 2625 argumen-

203 2645 346 2685 torum
386 2642 630 2697 exhaustis,
683 2644 863 2686 aliorum
903 2642 1021 2684 dicta
1062 2643 1241 2696 repetit,
1286 2655 1367 2685 non
1411 2644 1502 2687 sine
1543 2644 1732 2698 pondere

204 2726 482 2766 enumerans,
529 2718 573 2758 et
612 2714 760 2769 figuris
803 2715 871 2757 hic
909 2714 998 2757 illic
1029 2714 1170 2757 variat
1201 2714 1361 2770 (Quint.
1396 2719 1434 2770 6,
1471 2721 1507 2771 1,
1540 2717 1587 2772 ᾖς’
1623 2720 1658 2768 1,
1692 2719 1731 2771 2,

206 2785 259 2829 cf.
294 2788 392 2839 239,
424 2786 540 2840 246).
602 2786 663 2829 Ut
693 2786 931 2839 Spartanus
973 2785 1046 2827 ille
1078 2785 1275 2838 Ephorus
1318 2788 1603 2840 Aequitatem,
1635 2787 1731 2829 Uti-
