1910 3154
871 94 924 133 73

128 212 203 255 det
234 210 337 265 (704
367 207 463 262 sq).
528 206 583 249 At
624 205 776 263 eadem
815 205 858 249 in
901 204 1049 250 fabula
1087 219 1211 250 veros
1254 207 1369 251 inter
1398 221 1445 252 se
1477 207 1683 252 affectus-

128 292 379 335 comparare
410 279 524 320 licet.
587 279 644 320 Et
677 279 902 333 Tyndarus
935 282 979 321 et
1001 279 1179 322 Orestes
1212 280 1278 322 bis
1310 282 1491 334 quisque
1529 283 1659 323 orant

128 360 172 399 et
211 354 429 408 perorant.
506 350 655 394 Priore
697 351 893 394 oratione
937 356 1117 406 uterque
1162 352 1397 407 composite
1443 351 1544 408 (535
1578 365 1656 406 sq.‚

129 430 213 470 600
245 425 327 479 sq.)
371 424 547 478 „procul
591 423 645 466 ab
682 424 770 477 ira,
812 425 962 477 procul
1004 424 1057 467 ab
1101 425 1226 467 odio“
1270 429 1318 468 ut
1358 426 1483 467 decet
1516 426 1657 480 „inter

129 497 380 551 coniunctas
425 496 608 538 maxime
647 496 883 549 personas'
920 496 1280 550 disceptationem
1309 503 1534 551 peragunt
1598 497 1655 538 At

125 570 170 613 in
201 569 342 612 altera
373 568 568 610 oratione
599 580 729 611 senex
760 569 911 623 saevit,
942 567 1143 612 obsecrat
1174 569 1353 612 Orestes
1385 570 1502 624 (622,
1537 568 1653 622 671).

127 642 292 683 Rursus
324 640 366 681 in
413 639 635 693 Iphigenia
668 640 889 682 Aulidensi
931 641 1077 693 puella
1111 640 1418 683 miserabiliter
1463 643 1652 694 perorat,

126 716 255 767 pater
295 724 346 754 ex
388 715 600 754 commota
655 712 931 766 tranquillam
974 711 1118 755 facere
1159 713 1249 755 vult
1294 713 1451 767 (1249;
1498 712 1649 765 1261);

128 797 255 842 „nam
287 797 395 837 quae
426 782 550 830 πάθος
581 785 832 838 concitavit,
874 785 971 840 ἦθος
1014 786 1127 828 solet
1158 785 1383 838 1nitigare“
1416 784 1578 838 (Quint.
1614 787 1652 837 6,

129 860 168 909 2,
205 857 288 911 12).
352 856 461 899 Vide
508 857 638 899 etiam
680 861 886 911 quantum
916 858 1029 900 inter
1060 870 1107 900 se
1140 857 1303 900 distent
1335 857 1553 900 orationes
1585 857 1651 898 Io-

128 933 288 983 castae,
323 929 560 983 Polynicis,
595 932 639 972 et
669 929 861 973 Eteoelis
893 930 936 972 in
967 930 1228 973 Phoenissis.
1292 929 1439 973 Habes
1470 929 1568 986 ἦθος
1600 942 1650 972 ex

128 1001 268 1043 animo
315 1002 483 1043 excelso
531 1006 574 1043 et
611 1002 796 1054 patienti
826 1002 1204 1044 incommodorum
1244 1003 1287 1044 in
1332 1003 1427 1044 Hel.
1462 1006 1571 1044 851:
1606 1005 1650 1043 et

128 1077 276 1127 spreta
310 1073 480 1126 quidem
515 1073 888 1127 commiseratione
921 1074 1056 1127 (991).
1118 1073 1185 1116 Ita
1216 1073 1405 1126 Oedipus
1436 1074 1480 1115 in
1513 1074 1650 1115 Phoe-

127 1146 256 1188 nissis
303 1146 468 1200 (1622).
532 1146 721 1201 Egregie
770 1145 946 1188 Orestes
985 1145 1029 1187 in
1072 1146 1104 1187 I.
1138 1145 1323 1189 Taurica
1355 1146 1476 1200 (490)
1509 1145 1572 1188 ita
1606 1149 1652 1188 ut

125 1230 269 1260 mores
310 1217 492 1260 dicentis
533 1230 584 1259 ex
636 1217 830 1260 oratione
872 1218 1124 1271 perluceant
1176 1217 1338 1272 (Quint.
1373 1221 1420 1269 6,
1457 1220 1529 1268 12,
1566 1218 1650 1270 13).

125 1288 328 1341 Bonitate
361 1288 684 1346 commendatur
722 1288 810 1329 Ion.
845 1287 947 1343 (644
980 1287 1122 1338 Quint.
1154 1288 1181 1329 l.
1214 1301 1249 1330 c.
1282 1288 1304 1342 ξ
1339 1288 1395 1341 3).
1459 1287 1651 1340 Denique

126 1360 171 1415 inv
202 1358 442 1402 Troadibus
474 1358 648 1411 fabula,
691 1364 920 1413 postquam
952 1359 1159 1402 orationis
1190 1360 1230 1401 vi
1265 1363 1307 1401 et
1335 1360 1499 1412 impetu
1528 1360 1652 1401 thea-

125 1436 238 1473 trum
271 1435 560 1473 commoverat
602 1429 702 1487 (472
737 1430 879 1481 Quint.
915 1434 962 1482 6,
999 1434 1034 1481 1,
1069 1434 1136 1483 51,
1170 1431 1257 1484 52),
1289 1429 1468 1473 Hecuba
1498 1430 1655 1473 leniter

127 1507 170 1546 et
203 1504 328 1557 digne
361 1515 442 1545 non
476 1503 566 1545 sine
611 1502 838 1561 sententiis
870 1506 1047 1555 perorat
1078 1502 1245 1555 (1200).
1321 1502 1402 1552 Qui
1447 1501 1655 1557 „affectus

125 1581 271 1619 tamen
302 1588 384 1617 non
416 1575 556 1617 minus
597 1575 704 1618 artis
745 1575 931 1617 leniores
963 1573 1151 1616 habent“
1185 1574 1347 1629 (Quint.
1383 1575 1409 1617 l.
1443 1587 1476 1617 c.
1511 1575 1532 1630 ξ
1568 1574 1655 1630 10).

242 1662 372 1704 Risus
416 1661 528 1715 apud
571 1665 766 1704 nostrum
806 1665 854 1703 ut
895 1661 1009 1714 apud
1042 1661 1375 1703 Demosthenem
1407 1661 1499 1704 fere
1530 1661 1656 1704 abest

48 1734 50 1736 ’
127 1734 387 1788 (Volkmann
416 1747 456 1788 p.
491 1735 606 1787 285).
669 1734 758 1776 Nec
788 1733 862 1776 ubi
891 1733 1028 1787 adest,
1061 1737 1190 1786 poeta
1222 1732 1408 1776 feliciter
1437 1746 1529 1776 rem
1559 1738 1656 1776 tan-

125 1807 203 1862 git.
268 1806 455 1859 Cyclopa
500 1805 668 1859 quidem
701 1804 891 1847 fabulam
933 1805 1073 1847 sciens
1104 1809 1346 1858 praetereo.
1408 1806 1583 1850 Electra
1613 1806 1656 1847 in

126 1879 378 1934 cognomine
412 1877 559 1935 fabula
591 1877 799 1931 Aegistho
840 1877 996 1919 irridet
1032 1879 1180 1932 (949);
1224 1877 1509 1931 Amphiaraus
1541 1878 1655 1932 Lyco

125 1952 305 2002 propter
335 1947 467 1990 flavos
499 1948 639 1989 crines
671 1947 742 2001 (H.
763 1947 809 1988 F.
835 1948 918 1989 233
939 1945 1188 2002 Στοχάζεται
1218 1952 1288 2002 τῆς
1311 1947 1433 2002 ἰδέας,
1466 1948 1510 1990 id
1542 1948 1655 2001 quod

125 2021 302 2064 damnat
345 2019 630 2062 Anaximenes
674 2031 709 2062 c.
745 2022 796 2061 36
839 2019 860 2073 ἓ
896 2020 981 2073 16).
1045 2017 1253 2076 Acerbam
1298 2018 1434 2061 habes
1472 2020 1655 2062 ironiam

126 2092 240 2135 Med.
275 2095 357 2134 509
391 2091 507 2145 (vide
541 2090 596 2133 ad
627 2103 667 2143 p.
704 2091 775 2144 19)
814 2090 903 2131 Alc.
937 2093 1035 2144 698,
1070 2093 1166 2133 793.

240 2178 586 2232 Prosopopoeam
628 2189 712 2219 non
766 2176 951 2219 multum
994 2174 1174 2218 adhibet
1214 2175 1377 2229 (Quint.
1425 2179 1463 2230 6,
1500 2180 1536 2228 1,
1570 2177 1655 2231 25).

126 2251 221 2302 Qua
251 2251 287 2293 si
320 2263 402 2292 non
434 2250 584 2303 utitur,
618 2261 664 2291 se
695 2261 778 2291 non
801 2248 969 2291 nescire
1000 2252 1146 2290 tamen
1168 2247 1396 2310 significat.
1459 2249 1530 2291 Or.
1556 2252 1653 2292 674.

125 2323 222 2366 Hel.
257 2326 353 2365 962.
414 2323 480 2365 El.
516 2325 612 2364 332.
674 2320 779 2364 Hec.
814 2324 910 2363 836.

240 2423 384 2466 Pauca
417 2423 611 2476 exempla
652 2433 886 2476 proponam
928 2433 1009 2474 quo
1043 2420 1203 2477 epilogi
1236 2421 1489 2464 constitutio
1521 2423 1653 2465 mani-

124 2496 277 2540 festior
307 2494 397 2538 fiat.

123 2585 214 2628 Alc.
249 2587 346 2627 662.

243 2660 277 2698 1.
326 2655 623 2698 Dinumeratio
655 2666 750 2697 cum
780 2653 1026 2696 monitione.

241 2732 278 2772 3.
326 2727 641 2781 Indignatio—
588 2746 641 2752 —
664 2725 816 2772 ἔκθεσσις
839 2724 936 2780 μετὰ
958 2725 1180 2771 δεινώσεως
1205 2688 1465 2780 (Volkmann
1496 2741 1535 2781 p.
1550 2728 1653 2783 267)

332 2818 386 2835 =
418 2798 587 2854 τέθνηκα
617 2797 731 2839 τούπί
764 2812 820 2838 σε.

1273 2872 1297 2912 6
