1910 3154
959 163 1013 202 60

271 276 306 314 1.
370 274 460 319 παῖς
492 275 544 313 ὢν
579 305 587 313 .
622 305 630 313 .
666 305 674 313 .
710 272 755 314 οὐ
788 272 883 328 πρὸς
916 272 958 314 τὸ
993 273 1195 328 μαλθακὸν
1234 274 1319 330 βίου
1353 306 1360 314 .
1398 306 1405 313 .
1440 306 1448 313 .

326 346 400 386 An.
435 346 458 400 ξ
494 349 546 388 10
577 346 722 391 παῖδας
756 380 764 388 .
801 378 809 386 .
844 380 851 388 .
884 345 1074 400 κοσμίους
1104 344 1171 387 καὶ
1203 347 1427 402 σώφρονας.

266 420 304 458 2.
366 415 462 471 πρὸς
492 417 706 473 τάνδρεῖον.

324 488 402 532 An.
436 489 458 543 ἓ
494 492 545 531 14
577 489 813 545 προθέμενοι
844 489 914 545 τήν
947 489 1142 545 ἀνδρείαν.
1162 488 1229 531 ἐὰν
1261 485 1301 546 ᾖ

268 564 305 603 3.
368 561 408 608 ἐς
438 559 562 617 ἄγρας
595 562 663 603 ἰὼν
693 561 825 610 ἵπποις
856 579 898 604 τε
928 562 1081 619 χαίρων
1114 563 1206 610 τόξα
1236 561 1264 604 τ’
1302 562 1493 604 ἐντείνων.

325 635 403 675 An.
437 635 459 689 g
495 638 545 677 13
577 634 667 682 τοὺς
698 636 737 676 ἐν
771 635 1002 690 γυμνασίοις
1034 636 1188 682 πόνους.

265 708 305 747 4.
367 708 486 760 σῶμα
517 708 714 762 χρήσιμον
748 708 872 748 πόλει.

325 778 403 818 An.
437 790 472 820 c.
506 782 546 830 4,
579 779 601 833 ξ
633 782 657 821 3
690 779 734 819 ἐκ
764 782 833 819 τοῦ
866 780 1196 833 φιλογυμναστεῖν
1228 777 1271 819 τὸ
1304 782 1423 833 σῶμα
1454 779 1494 819 αἱ
1524 778 1639 819 νῖκαι.

324 850 678 904 Parthenopaeus
710 855 953 894 889—900.

270 926 305 965 1.
366 923 502 974 Filius
533 924 778 976 Atalantae,
812 936 864 967 ex
896 923 1084 966 Arcadia
1117 922 1334 967 oriundus.

325 995 400 1036 An.
434 996 456 1050 ἓ
489 999 515 1037 4
549 994 647 1050 μετὰ
677 994 725 1036 τὰ
755 996 945 1051 προοίμια
974 996 1135 1051 πρώτην
1167 996 1237 1050 τήν
1270 995 1523 1049 γενεαλογίαν
1556 993 1734 1049 τάξομεν.

266 1070 304 1110 2.
366 1064 470 1114 εἶδος
500 1068 759 1124 ἐξοχώτατος.
821 1067 892 1110 Nil
922 1068 1062 1122 potuit
1093 1067 1236 1121 aptius
1267 1066 1505 1110 breviusve.

323 1140 401 1181 An.
436 1140 458 1194 ξ
495 1144 547 1182 10
578 1138 615 1181 εἴ
643 1156 679 1181 τι
718 1139 872 1186 ἔνδοξον
916 1139 982 1181 διὰ
1012 1139 1081 1195 τὴν
1114 1138 1237 1196 τύχην
1271 1139 1441 1195 ὑπῆρξε,
1474 1141 1588 1180 τοῦτο
1622 1139 1737 1193 μόνον

209 1208 541 1266 δίαφυλάττοντα,
584 1213 692 1259 ὅπως
735 1212 783 1253 τὰ
817 1213 1016 1268 πρέποντα
1055 1213 1140 1259 ταῖς
1170 1211 1343 1267 ἡλικίαις
1374 1212 1475 1267 ἐρεῖς
1505 1209 1571 1252 καὶ
1605 1209 1736 1266 μικρά.

268 1286 305 1325 3.
367 1282 575 1340 ἐκτραφεὶς
617 1316 625 1325 .
662 1316 669 1324 .
703 1316 712 1325 .
747 1283 818 1325 οὐκ
856 1282 1054 1340 ἐξεριστὴς
1093 1290 1167 1325 τῶν
1215 1283 1345 1337 λόγων
1390 1315 1399 1323 .
1434 1315 1442 1324 .
1479 1315 1487 1324 .
1520 1283 1737 1339 λόχοιςἾ’

209 1357 402 1412 ἐφεστώς.

325 1431 382 1472 At
429 1434 580 1473 contra
623 1431 909 1473 Anaximenes
951 1431 973 1485 ξ
1018 1433 1070 1473 13
1112 1427 1349 1485 ἐρρωμένως
1390 1460 1399 1468 .
1434 1460 1442 1468 .
1478 1460 1487 1468 .
1531 1425 1737 1482 ὑπομένων

206 1503 362 1558 πόνους,
395 1503 552 1558 σφόδρα
581 1502 651 1558 τήν
684 1501 723 1543 ὲν
755 1507 803 1558 τῇ
837 1501 960 1558 σοφία
993 1500 1225 1557 φιλοπονίαν
1258 1500 1471 1555 ἀγαπήσει.

267 1579 306 1617 4.
368 1574 555 1630 ἐφρούρει
586 1574 709 1630 μηδὲν
741 1573 1036 1630 ἐξαμαρτάνειν.

325 1648 347 1700 ξ
383 1651 434 1688 14
465 1648 608 1701 ἥξομεν
641 1645 703 1687 ἐπὶ
734 1646 803 1701 τὴν
836 1646 994 1701 σοφίαν.

325 1718 495 1773 Tydeus
528 1721 772 1761 901—908.

270 1795 306 1834 1.
367 1789 525 1831 ἔπαινον
557 1790 597 1830 ἐν
631 1790 774 1845 βραχεῖ
805 1789 918 1843 θήσω
952 1786 1086 1842 μέγαν.

325 1864 403 1905 An.
437 1862 459 1917 ξ
495 1865 545 1904 12
593 1862 756 1916 (paullo
800 1864 947 1903 tamen
996 1858 1142 1912 aliter)
1184 1856 1351 1911 λέγοντα
1392 1889 1400 1897 .
1435 1889 1442 1897 .
1478 1889 1485 1897 .
1530 1859 1598 1903 τοῦ
1640 1889 1648 1897 .
1685 1889 1693 1897 .
1727 1888 1735 1897 .

208 1934 493 1989 ἐπαινουμένου
524 1933 572 1975 τὰ
605 1934 782 1989 μέγιστα.

268 2010 306 2048 2.
367 2008 507 2062 γνώμῃ
531 2007 710 2062 ἀδελφοῦ
744 2038 751 2046 .
785 2039 794 2047 .
827 2037 835 2045 .
869 2003 1124 2058 λελειμμένος
1166 2000 1249 2042 ἴσον
1295 1999 1473 2057 πάρεσχε
1517 2000 1642 2055 ὄνομα
1673 1999 1739 2042 διὰ

207 2076 350 2132 τέχνης
383 2077 509 2131 δορός.

327 2150 403 2190 An.
434 2149 456 2203 ξ
492 2150 543 2189 12
577 2147 637 2187 δεῖ
669 2145 712 2187 δὲ
742 2144 808 2186 καὶ
841 2144 985 2200 ἑτέρων
1016 2142 1115 2184 νέων
1149 2140 1329 2188 ἐνδόξους
1360 2139 1517 2196 πράξεις
1545 2139 1739 2197 παριστά-

208 2235 285 2260 ναι.
349 2232 383 2262 c.
418 2222 486 2270 36,
520 2219 542 2272 ἓ
579 2222 626 2259 11
665 2217 942 2272 προτιθέμενος
973 2214 1021 2256 τὰ
1053 2212 1351 2268 ἐπιτηδεύματα
1383 2211 1523 2258 αὔξειν.

325 2291 533 2345 Epilogus
566 2292 808 2333 909—917.

272 2368 307 2406 1.
370 2364 567 2418 τολμῆσαι
622 2362 749 2403 θανεῖν
792 2360 845 2403 cf.
890 2372 925 2402 c.
972 2362 1011 2410 4,
1058 2359 1138 2412 §4
1184 2355 1372 2411 αὐξήσεις
1412 2388 1419 2395 .
1457 2389 1464 2398 .
1511 2357 1740 2412 συλλήβδην

210 2435 364 2476 ἅπαντα
395 2433 443 2475 τὰ
473 2437 636 2475 τοιαῦτα
667 2466 674 2473 .
711 2466 719 2473 .
755 2465 763 2473 .
798 2430 1031 2486 ἀποφαίνων
1067 2462 1073 2469 .
1109 2462 1116 2469 .
1155 2461 1162 2468 .
1198 2426 1272 2469 ὐπὸ
1314 2425 1471 2468 τουτουί
1512 2424 1641 2468 πολλὰ
1672 2442 1741 2481 γε-

209 2509 399 2564 γενῆσθαι
433 2541 440 2548 .
476 2540 483 2547 .
520 2540 526 2546 .
561 2504 706 2560 ἀγαθά.

271 2585 308 2623 2.
373 2580 520 2636 βρέφος
552 2577 782 2619 διδάσκεται
825 2577 847 2630 g
884 2579 935 2617 10
965 2573 1055 2620 τοὺς
1087 2574 1233 2619 παῖδας
1274 2571 1350 2627 οὐχ
1380 2570 1484 2612 οὕτω
1517 2571 1567 2611 δι’
1600 2568 1742 2617 αὐτοὺς

210 2654 265 2699 ὡς
298 2650 363 2693 διὰ
394 2651 484 2697 τοὺς
515 2651 745 2706 ἐφεστῶτας
778 2644 925 2688 οἴονται
955 2644 1144 2701 κοσμίους
1185 2641 1285 2685 εἶναι
1315 2641 1381 2684 καὶ
1414 2642 1637 2698 σώφρόνας.

323 2724 444 2767 Haec
477 2735 664 2765 summa:
709 2733 760 2762 ex
800 2718 1026 2772 disciplina
1067 2717 1207 2759 oritur
1238 2716 1386 2762 αἰδώςε
1428 2715 1472 2757 id
1503 2715 1615 2769 quod
1647 2726 1742 2758 sen-

208 2797 359 2840 tentiis
389 2795 586 2839 firmatur
617 2795 642 2849 ή
676 2790 865 2847 εὐανδρία
896 2789 1077 2831 διδακτόν
1110 2804 1144 2828 κ.
1179 2803 1209 2828 τ.
1244 2788 1280 2829 λ.
1314 2790 1358 2829 et
1388 2786 1660 2830 conclusione
1691 2798 1744 2829 ex

209 2867 552 2923 repugnantibus
594 2861 793 2913 (912‘ef.
839 2866 917 2906 An.
967 2875 1000 2905 c.
1038 2862 1123 2915 11).
1193 2861 1262 2903 Ita
1306 2860 1417 2903 enim
1458 2859 1744 2904 Anaximenes
