1910 3154
930 113 981 153 26

195 225 302 268 satis
334 226 620 280 disceptatum
653 230 782 281 esset,
814 226 954 280 potuit
986 225 1150 269 arbiter
1180 226 1271 281 ipse
1304 239 1423 270 suam
1454 225 1711 270 sententiam

194 299 473 351 pronuntiare
518 299 580 355 (εὖ
613 333 621 340 .
657 332 666 340 .
701 332 708 340 .
744 315 810 355 μοι
843 299 971 346 δοκεῖς
1005 331 1012 340 .
1048 332 1055 339 .
1089 331 1097 339 .
1134 332 1142 341 .
1177 298 1473 355 διεληλυθέναι·
1506 297 1587 341 ἔστι
1620 297 1714 354 μέν-

192 387 251 412 τοι
281 370 347 413 καὶ
379 371 465 428 ἐμοὶ
500 373 615 427 λόγος
651 373 711 417 Pl.
746 373 814 416 Pr.
850 377 931 416 347
965 373 1047 426 Α.).
1109 373 1355 417 Tenendum
1402 376 1469 416 est
1512 371 1715 427 Hippiam

194 445 275 489 sibi
306 447 515 500 potiorem
547 446 753 491 arbitrum
795 446 930 489 videri
962 447 1063 501 (337
1096 446 1145 489 E.
1179 448 1303 501 sqq).
1364 445 1445 489 Hic
1477 446 1589 489 enim
1620 445 1712 488 vice

194 518 346 562 iudicis
387 518 505 574 fungi
544 518 772 563 videbatur
816 520 968 575 (ὥσπερ
1000 517 1078 560 ὑπὸ
1108 520 1318 575 διαιτητῶν
1367 519 1481 574 ἡμῶν
1530 521 1610 561 337
1644 517 1712 575 E.)

193 590 413 645 litigantes
445 593 751 647 componentis.

310 663 459 718 Neque
499 665 628 708 aliter
674 665 792 719 apud
839 668 1011 719 poetam
1055 665 1291 719 disputatio
1343 664 1592 707 instituitur.
1665 664 1714 706 In

194 737 441 780 Phoenissis
473 737 645 781 Iocasta
675 737 785 781 filios
816 738 859 780 in
890 737 1115 781 verborum
1147 741 1366 781 certamen
1394 740 1520 781 vocat
1551 737 1713 792 (446—

199 810 265 865 7),
298 815 341 853 et
386 805 489 865 ipsa¹
523 811 642 855 litem
686 812 973 866 compositura
1004 812 1117 855 inter
1159 824 1231 855 eos
1262 809 1534 855 diiudicando
1566 806 1714 866 (κοινὰς

194 883 382 938 βραβείας
415 882 563 937 450).'
606 885 776 927 Auditis
820 885 1110 939 orationibus,
1152 888 1290 927 mater
1336 885 1429 937 ipsa
1472 884 1721 941 orationem·

194 953 347 1008 habet,
388 959 617 1012 postquam
657 969 702 1000 se
745 957 1086 1002 commendasset
1133 957 1235 1013 (530
1268 956 1320 1001 cf.
1354 956 1415 1000 Pl.
1448 956 1516 1000 Pr.
1551 959 1630 1001 347
1665 956 1712 1000 A.

192 1028 274 1069 ἔστι
304 1028 370 1069 καὶ
401 1028 489 1084 ἐμοὶ
520 1031 636 1084 λόγος
667 1031 708 1071 εὖ
741 1029 878 1086 ἔχων).
940 1031 1028 1074 Nec
1060 1035 1228 1073 tantum
1259 1031 1521 1085 pronuntiat,
1552 1030 1710 1073 utrius-

193 1114 275 1156 que
307 1102 424 1146 dicta
455 1103 628 1156 excutit,
661 1116 769 1158 quae
800 1104 938 1147 minus
969 1107 1087 1147 recte
1117 1104 1209 1147 visa
1242 1107 1353 1158 sunt,
1386 1103 1621 1157 corrigit¹).

309 1175 399 1218 Nec
431 1176 570 1219 minus
602 1181 755 1230 aperta
797 1180 864 1220 est
895 1177 1229 1220 declamantium
1260 1176 1444 1219 imitatio
1474 1176 1518 1218 in
1549 1176 1715 1219 Helena

194 1247 354 1291 fabula.
416 1249 464 1291 In
498 1261 581 1302 qua
614 1262 708 1292 cum
739 1249 905 1293 Helena
952 1250 1060 1293 satis
1104 1250 1331 1293 Theonoen
1362 1250 1585 1301 oravisset,
1618 1249 1716 1292 cho-

196 1334 293 1376 rus,
337 1325 542 1377 tanquam
574 1322 840 1366 audientium
873 1336 1051 1378 corona,
1093 1323 1237 1378 priore
1270 1335 1464 1366 sermone
1493 1321 1716 1376 plausibus

196 1397 390 1447 excepto,
423 1394 667 1437 Menelaum
697 1407 863 1448 quoque
897 1395 950 1437 ad
984 1387 1211 1437 dicendum
1252 1394 1413 1437 excitat
1443 1393 1551 1448 (τοὺς
1583 1392 1716 1435 Μενέ-

193 1468 274 1507 λεω
306 1467 417 1507 ποθῶ
449 1467 590 1521 λόγους
621 1466 789 1507 ἀκοῦσαι
822 1468 1023 1521 945-6).
1092 1466 1292 1510 Profecto
1335 1466 1512 1520 chorus,
1554 1470 1602 1509 ut
1642 1466 1716 1509 alii

195 1538 387 1592 dicendi,
430 1539 492 1581 sic
524 1539 615 1592 ipse
648 1539 850 1581 audiendi
887 1538 1127 1582 iusanabile
1158 1539 1386 1581 cacoethes
1418 1551 1522 1592 prae
1554 1550 1600 1581 se
1631 1537 1717 1581 fert

195 1612 340 1666 (νοσῶν
373 1609 459 1667 περὶ
491 1611 621 1665 λόγων
662 1610 785 1667 ἀκοήν
819 1612 881 1654 Pl.
918 1612 1098 1655 Phaedr.
1132 1614 1215 1654 228
1246 1612 1328 1666 Β.).
1389 1611 1540 1661 Prodit
1570 1611 1715 1655 Mene-

194 1685 289 1727 laus
321 1688 369 1727 ut
399 1684 730 1740 Lugdunensem
769 1684 917 1728 rhetor
960 1684 1152 1728 dicturus
1192 1685 1248 1727 ad
1288 1697 1417 1727 aram.
1450 1685 1642 1739 (Iuvenal
1676 1688 1713 1736 1,

194 1761 276 1808 44,
323 1756 440 1800 Suet.
474 1756 607 1811 Calig.
643 1757 728 1811 20).
803 1757 932 1800 Cuius
971 1755 1092 1800 finita
1132 1757 1348 1812 oratione,
1391 1757 1545 1800 chorus
1577 1756 1714 1800 Theo-

193 1840 301 1871 noen
333 1831 478 1871 monet
509 1831 557 1870 ut
587 1827 640 1870 de
671 1841 717 1870 re
748 1828 996 1882 pronuntiet
1027 1829 1166 1883 (996).
1226 1829 1306 1871 Est
1344 1827 1418 1871 ubi
1449 1828 1527 1871 hoc
1559 1840 1712 1871 munus

192 1900 349 1943 chorus
379 1900 473 1953 ipse
506 1900 726 1953 suscipiat,
758 1904 807 1943 ut
836 1901 880 1942 in
912 1901 1065 1943 Medea
1097 1902 1242 1955 (576):
1282 1913 1408 1954 quem
1438 1901 1576 1943 locum
1608 1903 1709 1954 apte

196 1985 291 2015 cum
321 1973 394 2015 illo
426 1985 660 2027 compares.
723 1973 782 2016 Ut
823 1974 866 2015 in
898 1974 1139 2029 Protagora
1180 1972 1333 2016 arbitri
1375 1985 1526 2016 vocem>
1568 1972 1714 2016 audis:

197 2044 258 2087 ibi
290 2045 332 2085 εὖ
366 2046 494 2091 δοκεῖς
526 2078 534 2085 .
571 2078 579 2085 .
615 2078 623 2085 .
657 2078 665 2086 .
700 2046 816 2099 λόγος
848 2044 891 2086 εὖ
923 2044 1029 2100 ἔχων
1062 2049 1143 2088 347
1165 2047 1213 2087 Α.
1246 2046 1290 2087 in
1321 2045 1477 2088 Medea
1508 2045 1550 2085 εὖ
1582 2044 1715 2086 τούσδ’

194 2150 203 2160 .
237 2149 246 2158 .
282 2118 508 2173 ἐκόσμησας
540 2118 694 2172 λόγους.
757 2118 838 2161 Hic
869 2118 912 2160 in
945 2118 1110 2161 Helena
1140 2130 1294 2161 nomen
1323 2118 1465 2171 ipsum
1494 2116 1640 2161 habes.

423 2191 462 2232 ἐν
496 2188 557 2232 σοὶ
589 2190 808 2248 βραβεύειν,
842 2191 875 2231 ὦ
905 2193 1024 2244 νεᾶνι,
1055 2190 1144 2237 τοὺς
1176 2190 1342 2245 λόγους·

423 2263 526 2305 οὕτω
558 2262 602 2305 δὲ
631 2264 758 2320 κρῖνον
792 2265 847 2311 ὡς
878 2263 1020 2305 ἅπασιν
1054 2262 1237 2319 ἁνδάνῃς.

309 2337 564 2393 Priusquam
595 2350 621 2381 a
653 2337 945 2392 disputatione
976 2338 1051 2381 illa
1082 2350 1159 2381 nos
1185 2336 1501 2389 subtrahamus,
1532 2336 1577 2379 id
1608 2348 1710 2391 quo-

192 2422 274 2465 que
306 2410 540 2454 notandum
579 2414 627 2453 ut
658 2411 922 2465 Protagorae
962 2411 1005 2453 in
1047 2411 1212 2454 deliciis
1252 2413 1369 2469 esset
1399 2410 1451 2453 de
1482 2409 1588 2453 locis
1619 2422 1714 2453 car-

191 2483 352 2526 minum
384 2483 611 2527 ·disserere
652 2486 889 2538 poetasque
932 2484 1048 2538 ipsos
1096 2482 1325 2526 emendare
1356 2482 1465 2526 velle
1496 2482 1598 2536 (339
1631 2482 1714 2537 Α.).

192 2557 313 2600 Idem
353 2555 544 2600 studium
574 2556 771 2611 Euripidi
814 2560 933 2612 erat,
979 2556 1051 2611 qui
1091 2568 1219 2610 saepe
1260 2555 1303 2598 in
1333 2553 1591 2599 carminibus
1622 2553 1711 2598 suis

194 2629 249 2672 ad
281 2628 461 2672 aliorum
494 2629 683 2672 carmina
712 2629 851 2672 innuit
884 2629 1000 2683 (Ant.
1023 2628 1103 2682 frg.
1140 2631 1220 2671 165
1254 2646 1308 2663 =
1341 2627 1467 2681 Soph.
1500 2627 1597 2669 Ant.
1617 2629 1713 2669 563.

192 2700 353 2744 Electr.
388 2703 472 2744 530
504 2720 556 2736 =
589 2700 751 2744 Aesch.
776 2700 965 2755 Choeph.
1000 2702 1096 2743 230.
1159 2699 1306 2754 Suppl.
1326 2701 1424 2751 846,
1456 2697 1613 2742 Phoen.
1636 2700 1715 2741 751

192 2794 246 2811 =
280 2774 432 2818 Aesch.
467 2772 507 2817 S.
543 2773 586 2816 C.
621 2773 667 2816 T.
703 2776 783 2817 375
817 2772 942 2828 sqq).

308 2845 374 2889 Ab
415 2846 568 2893 eodem
605 2846 845 2901 Protagora
887 2845 1096 2890 deductus
1137 2849 1205 2889 est
1245 2857 1337 2888 mos
1376 2844 1490 2898 apud
1532 2842 1719 2887 seriores

290 2952 326 2998 1)
352 2950 399 2988 cf.
423 2950 589 2988 Phoenix
614 2949 660 2987 fr.
688 2951 769 2987 809.
819 2949 933 2986 Plura
957 2958 1016 2995 ap.
1043 2948 1227 2995 Lechner‚
1256 2948 1320 2986 sed
1343 2948 1469 2995 paullo
1496 2949 1616 2985 alitor.
