1910 3154
943 99 998 138 40

213 222 308 253 rum
339 210 523 254 omnium
566 210 783 254 orationes
814 211 856 253 in
888 210 1089 254 iudiciale
1133 223 1268 267 genus
1298 210 1583 255 includuntur.
1644 210 1731 254 Ite·
1799 198 1804 205 ’

213 295 307 325 rum
339 284 381 324 in
405 282 702 336 Supplicibus:
735 283 861 326 adest
890 284 1076 336 nuntius,
1109 296 1203 326 cum
1234 296 1315 337 quo
1345 284 1535 327 Theseus
1567 283 1733 337 discep-

214 359 313 397 tans
353 355 627 409 colloquitur3
688 356 787 398 inde
829 359 1009 409 uterque
1050 356 1341 399 contionatur:
1395 360 1598 410 quattuor
1635 359 1735 399 sunt

215 427 432 470 orationes
463 440 641 481 quarum
672 428 838 481 priores
877 428 920 469 in
951 428 1136 482 speciem
1168 428 1418 482 exquirendi
1448 429 1628 481 cadunt;
1673 427 1734 470 al-

216 503 337 542 terae
370 499 479 542 duae
510 500 553 542 in
585 512 720 556 genus
753 498 1093 544 deliberativum.
1127 524 1184 530 ——
1215 500 1295 543 Est
1315 499 1389 543 ubi
1419 500 1572 544 chorus
1603 501 1734 544 inter-

216 572 333 614 venit
365 576 409 614 et
441 572 601 615 actoris
637 576 786 626 partes
827 573 1014 615 sustinet
1049 572 1119 627 (H.
1152 573 1196 614 F.
1232 572 1356 629 252);
1397 574 1525 616 sicuti
1553 573 1621 625 fit,
1668 576 1735 615 tu-

217 645 457 687 multuante
489 645 659 698 populo,
691 649 738 687 ut
760 645 916 699 aliquis
947 658 969 687 e
1000 645 1141 688 media
1172 644 1300 688 turba
1330 645 1419 688 iras
1451 645 1604 688 civium
1634 657 1735 687 voce

216 718 438 771 exprimat.
501 717 674 760 Scilicet
715 718 868 760 chorus
910 730 933 760 e
964 718 1120 771 populo
1162 721 1229 761 est
1260 721 1303 760 et
1332 718 1478 771 populi
1509 729 1736 771 personam

217 793 377 832 tuetur.
401 815 450 820 —-
474 790 712 844 Aliquando
743 803 844 833 reus
874 791 992 844 prior
1022 790 1200 845 incipit;
1235 790 1389 834 deinde
1421 791 1532 833 alter
1560 803 1737 844 respon-

219 863 294 905 det
325 867 369 905 et
400 867 587 906 accusat.
650 863 771 915 Quod
812 862 860 906 fit
890 864 932 906 in
977 863 1228 908 Troadibus.
1291 864 1381 915 Quo
1414 864 1605 917 exemplo
1638 875 1737 917 pec-

219 934 345 988 cavit,
377 935 413 977 si
444 938 669 988 peccatum
698 936 743 978 id
775 939 866 989 est,
913 936 1207 990 Thucydides3
1257 936 1294 978 is
1321 935 1431 978 enim
1460 936 1739 978 Plataeenses

218 1006 384 1050 inducit
424 1020 470 1051 se
514 1008 627 1062 apud
670 1007 906 1062 Spartanos
952 1008 1081 1051 duces
1132 1008 1435 1052 defendentes:
1480 1008 1741 1063 respondent

220 1082 412 1125 Thebani
455 1082 744 1123 criminantes.
778 1107 833 1111 —
864 1082 913 1123 In
955 1082 1129 1124 Electra
1173 1084 1316 1123 autem
1361 1080 1506 1123 fabula
1547 1082 1741 1123 rixantur

219 1154 447 1205 mulieres,
479 1166 557 1196 nec
588 1152 666 1196 sub
698 1153 838 1197 iudice
870 1154 923 1197 lis
955 1157 1034 1197 est.
1097 1154 1296 1197 Formam
1341 1156 1486 1196 tamen
1526 1152 1739 1197 iudicialis

219 1227 446 1270 facundiae
486 1226 648 1269 habes:
694 1240 798 1282 ergo
839 1226 1083 1270 forensibus
1115 1227 1398 1270 adnumerare
1428 1227 1541 1269 licet.
1577 1251 1626 1256 —
1658 1226 1738 1269 Po-

222 1303 384 1343 stremo
405 1299 442 1342 si
464 1299 566 1353 quid
597 1299 737 1354 iudex,
769 1299 985 1343 rhetorica
1016 1312 1119 1342 usus
1152 1299 1445 1353 dispositione,
1477 1299 1739 1353 pronuntiat,

182 1418 189 1425 ‚
221 1372 371 1415 eodem
402 1372 446 1414 in
477 1367 633 1425 genere
665 1372 959 1415 collocandum
992 1377 1071 1414 est.

336 1443 538 1486 Nonnihil
569 1442 835 1486 difficultatis
866 1442 1026 1486 habeat
1057 1456 1108 1486 ea
1131 1443 1337 1497 quaestio,
1356 1443 1400 1485 in
1430 1446 1634 1497 quantum
1664 1455 1740 1496 pa-

219 1520 313 1561 teat
344 1529 476 1571 genus
506 1516 913 1559 demonstrativum:
957 1515 1011 1558 de
1043 1528 1125 1569 quo
1156 1514 1293 1558 fusius
1324 1515 1573 1569 disputandi
1604 1516 1741 1559 locum

221 1593 373 1644 postea
404 1587 585 1632 habebo.

337 1661 572 1714 Soliloquia
602 1672 711 1714 quae
736 1660 935 1703 dicuntur
965 1672 1048 1701 non
1074 1659 1118 1701 in
1145 1672 1275 1702 unum
1300 1671 1436 1715 genus
1469 1659 1622 1702 cadere
1652 1672 1740 1703 ma-

221 1733 424 1776 nifestum
455 1736 534 1775 est.
597 1732 678 1783 Qui
715 1744 859 1774 secum
891 1731 1169 1785 colloquitur,
1215 1731 1253 1773 is
1285 1734 1361 1773 aut
1391 1730 1625 1785 deliberat,
1667 1734 1743 1773 aut

223 1806 409 1860 aliquem
452 1804 600 1847 laudat
641 1804 863 1857 culpatve,
907 1806 983 1845 aut
1024 1802 1205 1855 denique
1237 1802 1341 1845 vitia
1371 1803 1637 1856 virtutesque
1670 1814 1741 1845 ex-

223 1878 354 1933 quirit
385 1876 516 1932 (Med.
551 1878 675 1929 1021,
707 1875 835 1929 Hipp.
869 1878 965 1929 616,
999 1874 1094 1916 Hel.
1130 1873 1246 1929 744).

606 2007 752 2055 Fines
788 2007 865 2055 vel
899 2006 1073 2054 Partes
1108 2004 1363 2054 Suadendi.

338 2106 442 2149 Inde
480 2106 586 2149 fines
631 2106 784 2148 horum
823 2117 1025 2159 generum
1063 2108 1226 2147 tractat
1270 2104 1553 2147 Anaximenes
1597 2104 1650 2158 (c.
1684 2103 1740 2158 2).

226 2178 340 2229 Quos
372 2178 544 2232 quidem
574 2190 702 2231 quum
734 2177 808 2219 alii
841 2175 948 2219 fines
980 2175 1158 2230 (Cornif.
1193 2174 1319 2231 Cic),
1364 2175 1438 2218 alii
1468 2178 1615 2229 partes
1646 2187 1744 2218 sua-

225 2250 355 2293 dendi
386 2250 546 2305 (Quint.
582 2254 629 2301 3,
674 2254 723 2301 8,
756 2247 857 2304 22),
903 2248 975 2291 alii
1024 2248 1213 2302 capitula
1254 2246 1398 2290 finalia
1445 2250 1494 2289 et'
1533 2246 1745 2290 elementa

224 2323 480 2377 (Volkmann
511 2336 551 2376 p.
586 2321 686 2377 301)
718 2322 958 2372 nominent,
1003 2320 1159 2364 Graeci
1190 2323 1336 2362 autem
1364 2317 1499 2360 τελικὰ
1528 2317 1743 2374 κεφάλαια,

224 2395 347 2438 nobis
378 2394 502 2437 venia
532 2394 589 2437 sit
607 2407 736 2437 unum
757 2394 991 2436 alterumve
1010 2391 1323 2435 adhibentibus.
1386 2390 1450 2433 Ab
1466 2391 1561 2444 ipso
1584 2390 1741 2433 Anaxi-

225 2480 347 2511 mene
387 2468 494 2510 haec
536 2467 750 2510 elementa
791 2469 891 2509 sunt
930 2465 1045 2508 nullo
1087 2462 1292 2507 vocabulo
1336 2463 1556 2519 insignita.
1617 2462 1744 2517 Apud

225 2552 322 2583 eum
352 2544 452 2582 sunt
483 2543 603 2582 octo:
636 2539 842 2591 Aequum,
874 2538 1154 2591 Legitimum,
1187 2537 1317 2588 Utile,
1350 2536 1600 2589 Honestum,
1634 2536 1742 2578 Con-

224 2611 411 2664 veniens,
437 2611 595 2663 Facile,
613 2609 838 2663 Possibile,
854 2609 1152 2653 Necessarium
1185 2612 1229 2652 et
1259 2608 1325 2652 his
1356 2608 1571 2651 contraria
1592 2606 1743 2664 (Volk-

224 2698 351 2727 mann
383 2685 409 2726 l.
442 2686 506 2736 c.).
570 2684 687 2735 Quae
721 2697 816 2738 cum
847 2682 1041 2726 omnibus
1081 2682 1222 2726 causis
1253 2682 1340 2725 sint
1370 2681 1621 2736 communia,
1652 2685 1744 2725 tum

225 2757 406 2800 maxime
437 2755 480 2796 in
512 2754 792 2798 deliberativo
823 2767 985 2811 genere
1016 2754 1273 2798 adhibentur
1304 2753 1357 2809 (c.
1392 2752 1450 2809 7).

342 2827 568 2872 Aristoteli
611 2828 756 2882 placet
796 2828 841 2871 in
872 2826 1157 2872 deliberativo
1186 2826 1418 2871 utilitatem
1434 2858 1444 2878 ,
1485 2825 1528 2868 in
1571 2826 1743 2869 demon-
