1910 3154
944 86 999 126 30

215 213 352 252 νησαν.
414 198 463 241 In
494 202 678 242 mentem
709 199 825 243 redit
855 199 1012 243 iterum
1042 199 1308 256 Protagoras
1338 201 1433 246 ille:
1467 201 1738 260 Πρωταγόρας

214 269 506 326 ἐπιδειξάμενος
538 305 547 314 .
584 306 592 315 .
627 305 635 314 .
669 271 876 313 ἀπέπαυτο
910 305 918 313 .
954 304 962 313 .
998 305 1005 314 .
1045 270 1112 312 καὶ
1150 272 1231 326 ἐγὼ
1264 307 1273 316 .
1307 307 1316 316 .
1350 307 1358 316 .
1390 275 1660 331 κεκηλημένος
1692 274 1736 316 ἔ-

215 344 357 400 βλεπον
392 377 400 385 .
434 378 442 387 .
479 377 487 386 .
520 344 722 400 ἐπιθυμῶν
756 343 911 386 ἀκούειν
945 344 1025 399 (Pl.
1044 344 1159 388 Prot.
1193 348 1275 389 328
1291 346 1361 400 D).
1423 347 1601 392 Derisor
1618 347 1737 391 idem

215 422 259 461 et
296 418 489 461 imitator
530 417 999 476 εὐριπιὸαριστοφανίζων
1043 430 1089 461 se
1129 418 1382 474 discipulum
1425 425 1579 475 poetae
1609 420 1736 477 profi-

214 495 352 533 tetur:
384 495 546 547 χρῶμαι
576 490 652 547 γὰρ
675 491 794 533 αὐτοῦ
815 494 883 533 τοῦ
906 492 1097 546 στόματος
1127 497 1183 547 τῷ
1213 491 1452 549 στρογγύλῳ.
1498 493 1636 550 (Σκην.
1663 510 1734 536 κα-

212 563 383 620 ταλαμβ.
415 563 449 616 I,
480 563 583 620 frgt.
623 566 737 619 397).
816 565 873 607 Et
903 563 1026 607 nobis
1055 576 1221 618 quoque
1252 563 1474 608 fatendum
1505 570 1573 609 est
1601 567 1736 611 multa

214 637 322 679 artis
362 640 596 690 praecepta
635 637 885 690 Euripidem
928 636 1103 679 tradere
1134 649 1242 691 quae
1284 637 1534 694 diligentius
1564 639 1735 683 intuens

214 709 427 763 dispicere
456 708 609 762 possis.

561 811 566 815 ·
936 781 1011 823 III.

506 854 774 918 Praecepta
811 853 944 903 Artis
980 854 1107 918 apud
1143 853 1432 918 Euripidem.

331 936 491 989 Aperte
544 936 612 978 via
655 940 698 977 et
738 936 906 978 ratione
947 936 999 978 de
1047 939 1142 978 arte
1183 936 1519 989 praecipientem
1563 938 1735 989 poetam

215 1021 339 1052 nemo
371 1011 631 1063 expectaret.
684 1008 775 1050 Iam
805 1007 983 1051 multum
1005 1012 1074 1051 est
1103 1007 1139 1051 si
1157 1007 1281 1051 unius
1305 1008 1592 1051 admonitione
1613 1005 1734 1050 verbi

213 1082 257 1123 in
288 1082 538 1124 memoriam
570 1081 677 1123 artis
708 1093 817 1134 quae
849 1079 998 1123 subest
1021 1093 1283 1124 revocamur.
1337 1082 1480 1135 Longe
1504 1081 1632 1123 aliter
1653 1084 1733 1134 est,

213 1154 250 1197 si
281 1153 512 1205 Isocrates,
544 1152 700 1195 multos
731 1153 814 1195 iam
847 1164 979 1195 annos
1010 1152 1052 1194 in
1083 1153 1163 1195 hac
1195 1156 1291 1195 arte
1322 1165 1369 1196 se
1395 1164 1599 1196 exercens
1617 1164 1641 1195 e
1661 1164 1732 1195 ca-

212 1227 369 1270 thedra
400 1226 628 1269 declamat.

329 1299 387 1341 Et
425 1299 609 1352 primum
646 1298 699 1340 de
741 1291 969 1352 arte'ipsa
1000 1298 1099 1352 quid
1133 1298 1267 1341 sensit
1297 1298 1561 1352 Euripides?
1639 1297 1734 1341 Non

213 1370 320 1423 finit,
352 1373 401 1413 ut
427 1370 610 1424 Gorgias
644 1371 875 1424 ceterique,
907 1370 982 1412 sed
1014 1368 1156 1413 verbis
1188 1369 1324 1413 effert.
1387 1369 1530 1413 Suada
1560 1369 1611 1412 fit
1639 1370 1733 1425 dea,

215 1444 334 1487 cuius
377 1455 533 1484 numen
563 1442 606 1483 in
637 1442 818 1495 Eloquio
860 1442 1007 1485 sedem
1048 1441 1205 1494 habet,
1252 1442 1389 1494 unde,
1431 1442 1547 1485 velut
1577 1455 1630 1485 ex
1658 1455 1735 1486 ara

212 1516 328 1559 intus
358 1515 401 1558 in
434 1514 601 1557 homine
633 1514 777 1568 posita
809 1517 993 1569 surgunt
1023 1526 1148 1557 voces
1179 1515 1301 1569 quasi
1333 1513 1472 1557 fumus
1514 1514 1569 1557 ad
1604 1526 1733 1558 auras

212 1590 348 1644 (Frgt.
393 1590 538 1643 Antig.
588 1589 701 1642 170).
784 1588 927 1630 Suada
968 1592 1035 1630 est
1074 1581 1338 1631 'dominatrix
1384 1588 1599 1631 hominum
1641 1588 1734 1631 sola

212 1660 335 1716 (Hec.
369 1660 484 1715 815).
549 1659 686 1702 Huius
742 1658 945 1711 scientia,
988 1662 1037 1702 ut
1067 1662 1311 1702 ceterarum
1355 1659 1511 1702 artium
1542 1671 1567 1702 a
1598 1659 1732 1715 magi-

213 1734 317 1776 stris
339 1733 479 1786 pretio
508 1731 754 1785 quaerenda
786 1735 852 1774 est
895 1730 1039 1786 (τᾶλλα
1061 1732 1278 1787 μαθήματα
1307 1731 1385 1786 Ib.,
1431 1732 1627 1787 ἐπιστήμῃ
1650 1747 1734 1773 πει-

215 1805 306 1852 θοῦς
337 1804 482 1857 Isocr.,
516 1803 755 1859 δημιουργός
785 1819 823 1844 π.
857 1802 1071 1857 Gorgias).
1134 1803 1377 1858 Discipulus
1408 1806 1551 1846 tamen
1582 1803 1733 1846 Prota-

210 1890 341 1933 gorae
368 1877 415 1920 in
447 1880 673 1931 utramque
703 1880 870 1931 partem
902 1876 1107 1931 disputat.
1170 1877 1253 1920 Ars
1285 1880 1328 1920 et
1356 1870 1542 1920 Prodico
1569 1880 1613 1920 et
1627 1876 1733 1931 Hip-

210 1952 309 2006 piae
340 1951 469 2005 λόγων
509 1948 623 2006 ἰ’σχυς
667 1953 745 1992 est.
780 1978 785 1983 -
822 1949 956 1992 Poeta
995 1962 1077 1992 non
1119 1950 1209 1993 vult
1248 1948 1318 2005 τὴν
1358 1950 1540 2004 γλῶσσαν
1585 1948 1733 2006 ἰσχύειν

209 2023 330 2065 πλέον
364 2022 487 2079 (Hec.
523 2020 666 2078 1192).
729 2021 777 2064 In
809 2020 1008 2064 callidam
1039 2020 1284 2065 facundiam
1307 2022 1471 2066 iterum
1491 2022 1731 2076 iterumque

209 2096 426 2139 invehitur
457 2093 518 2150 (τὸ
548 2094 677 2149 λέγειν
709 2093 752 2134 εὖ
785 2094 909 2134 δεινόν
941 2094 1057 2148 Frgt.
1078 2097 1173 2148 255,
1210 2094 1321 2137 Med.
1355 2098 1452 2147 584,
1483 2095 1603 2151 Frgt.
1636 2097 1734 2147 442,

210 2168 261 2213 cf.
294 2168 396 2225 frgt.
432 2171 536 2222 205,
569 2167 697 2221 Hipp.
731 2169 829 2218 486,
872 2165 943 2208 Or.
978 2169 1069 2211 907,
1091 2185 1146 2198 -—-
1176 2166 1331 2209 Bacch.
1362 2169 1457 2220 270,
1490 2167 1607 2210 Aeol.
1634 2166 1733 2223 frgt.

212 2243 297 2296 16).
359 2242 490 2285 Plura
521 2242 607 2283 iam
636 2252 767 2293 supra
799 2239 916 2282 dicta
947 2243 1058 2282 sunt.
1120 2240 1218 2293 Ipse
1248 2242 1296 2282 ut
1326 2238 1470 2282 Attius
1503 2239 1663 2295 (Quint.
1694 2243 1733 2295 5,
1816 2259 1818 2261 ·

211 2318 277 2364 13,
312 2315 386 2370 43)
418 2313 555 2356 forum
587 2312 701 2368 fugit
732 2311 877 2367 (Hipp.
912 2314 1008 2362 988,
1041 2311 1113 2353 Or.
1147 2314 1244 2364 918,
1277 2310 1329 2353 cf.
1362 2324 1402 2364 p.
1436 2312 1523 2365 24).

322 2386 388 2428 De
419 2384 642 2428 Prooemio
674 2382 764 2425 fere
795 2382 901 2425 haec
933 2381 1077 2425 habet.
1149 2380 1312 2424 Nomen
1344 2380 1522 2426 adhibet
1552 2382 1595 2425 in
1633 2382 1731 2426 Ele-

208 2463 301 2503 ctra
350 2461 460 2501 1060
491 2456 613 2513 ’ἀρχὴ
657 2457 731 2512 ἥδε
778 2471 843 2510 μοι
881 2454 1089 2510 προοιμίου
1130 2454 1303 2497 ineunte
1345 2455 1563 2498 oratione:
1609 2454 1735 2500 finem

208 2532 371 2576 exordii
410 2532 471 2574 ita
506 2531 660 2586 *signat
699 2527 741 2570 τὸ
786 2526 853 2584 μὲν
897 2526 963 2569 σὸν
996 2528 1077 2568 ὧδε
1108 2527 1304 2583 φροιμίοις
1338 2526 1434 2584 ἔχει.
1509 2528 1602 2572 Vox
1641 2529 1737 2584 ipsa

206 2604 370 2659 passim
402 2604 479 2646 sed
510 2603 651 2645 minus
683 2600 914 2645 artificiose
947 2599 1072 2643 obvia
1104 2603 1182 2643 est.

320 2677 369 2720 In
411 2676 629 2730 prooemio
672 2675 778 2735 niliil
821 2673 1025 2717 usitatius
1057 2676 1123 2716 est
1154 2685 1279 2726 quam
1310 2673 1478 2729 διαβολή
1529 2674 1618 2728 (Ar.
1652 2674 1730 2717 Rh.

208 2754 245 2803 3,
271 2754 336 2802 14,
365 2749 457 2804 10);
492 2748 547 2791 ad
582 2760 710 2803 quam
739 2760 832 2791 rem
863 2746 998 2790 multa
1030 2748 1072 2789 et
1102 2746 1145 2788 in
1171 2745 1432 2789 Anaximene
1465 2745 1544 2804 (cc.
1576 2750 1642 2800 30,
1660 2749 1734 2801 37)

206 2828 251 2867 et
293 2824 336 2866 in
377 2822 612 2865 Aristotele
656 2824 889 2875 praecepta
929 2820 1087 2863 dantur
1132 2818 1204 2873 (cf.
1248 2819 1321 2862 Ar.
1365 2819 1445 2862 Rh.
1486 2823 1535 2876 3,
1571 2823 1644 2874 15,
1678 2820 1735 2875 9).
