1910 3154
927 71 950 109 6

176 184 269 239 (IV,
303 187 341 236 2,
376 185 490 239 128).
551 184 609 227 Et
654 184 691 227 is
732 184 785 228 de
817 196 895 228 sua
934 187 1080 228 aetate
1106 187 1238 228 recte.
1316 183 1426 236 Quid
1466 183 1511 226 ni
1555 186 1700 226 tamen

177 257 291 311 apud
313 257 601 312 Theodoreos,
633 261 682 300 ut
713 258 976 313 προδιήγησις
1009 258 1062 301 de
1092 271 1140 301 re
1171 257 1423 312 praeterita,
1454 257 1518 300 ita
1547 256 1700 311 ἐπιδιή-

177 345 294 385 γησει
339 330 391 371 de
421 329 747 383 insequentibus
779 331 1006 373 dicendum
1038 330 1152 373 fuit?
1215 330 1295 373 Hic
1329 330 1579 373 Theodorus
1610 329 1700 371 Iso-

178 404 328 444 cratea
357 405 660 455 praeoccupat.
723 403 780 445 At
823 402 888 445 vir
928 402 1000 444 ille
1044 405 1088 444 et
1118 402 1289 444 Platoni
1327 405 1372 444 et
1403 400 1628 445 Aristoteli
1658 400 1701 442 in

179 479 275 518 arte
320 474 519 519 subtilior
558 474 677 518 visus
720 478 787 518 est
817 475 920 527 (Cic.
952 475 1072 517 Brut.
1109 475 1205 529 12),
1250 473 1502 529 quibuscum
1538 472 1702 528 posteri

179 550 453 593 consentiunt
497 547 607 604 (οὔτε
647 549 687 590 ἐν
729 549 813 596 ταῖς
861 548 1016 605 τέχναις
1057 547 1215 604 ἀκριβῆ.
1293 547 1416 590 Dion.
1463 546 1517 590 de
1561 546 1700 589 Isaeo.

178 622 338 665 Reiske
380 622 428 665 Ο.
462 622 510 664 A.
546 626 584 663 7.
624 635 665 676 p.
702 620 816 677 365).
889 621 1059 675 Optime
1103 624 1247 663 tamen
1288 621 1527 663 Isocrates:
1570 619 1607 660 ἐν
1653 621 1701 674 τῇ

181 696 367 750 διηγήσει
396 694 555 735 λεκτέον
586 695 631 735 τό
660 710 702 735 τε
732 696 895 750 πρᾶγμα
924 691 989 734 καὶ
1021 691 1069 733 τά
1093 691 1166 748 πρὸ
1198 695 1267 733 τοῦ
1300 691 1529 748 πράγματος
1558 689 1625 732 καὶ
1654 688 1702 732 τὰ

181 766 280 824 μετὰ
309 766 351 809 τὸ
383 769 548 823 πρᾶγμα
577 765 644 808 καὶ
676 765 744 814 τὰς
771 766 957 819 διανοίας,
990 764 1049 813 αἶς
1081 764 1265 822 ἑκάτερος
1286 768 1362 807 τῶν
1395 763 1699 820 ἀγωνιζομένων

180 842 388 898 χρώμενος
428 841 521 881 τόδε
563 856 598 881 τι
640 840 865 896 πέπραχεν,
912 842 938 894 ἢ
973 839 1106 894 μέλλει
1136 837 1315 894 πράττειν
1346 836 1412 878 καὶ
1443 836 1590 878 τούτων
1623 838 1703 883 τοῖς

181 913 523 971 συμβαλλομένοις
554 914 647 968 ἡμῖν
678 913 872 969 χρηστέον
906 912 1000 966 (frg.
1037 916 1073 955 9.
1108 912 1155 955 Ο.
1185 913 1233 954 A.
1268 912 1324 966 2).
1388 912 1454 954 Ita
1486 911 1702 965 Syrianus.

182 990 240 1031 At
272 988 457 1041 Sopater
487 987 638 1029 eadem
670 1000 720 1029 ex
752 988 943 1029 Isocrate
975 986 1156 1028 laudans
1187 998 1325 1039 pauca
1355 988 1515 1027 mutat:
1550 1000 1704 1039 σκοπη-

180 1060 266 1103 τέον
298 1060 337 1101 ἐν
369 1067 418 1117 τῇ
449 1057 690 1101 καταστάσει
730 1059 819 1116 (Sp.
852 1060 899 1101 A.
937 1058 976 1101 S.
1016 1059 1131 1113 161).
1200 1057 1387 1101 Verbum
1418 1058 1533 1100 idem
1563 1060 1705 1108 (κατα-

183 1131 378 1187 στάσεσι),
408 1137 614 1186 tanquam
649 1145 700 1174 ex
730 1133 935 1185 Isocrate,
967 1132 1041 1173 alii
1071 1131 1124 1173 de
1157 1131 1374 1184 prooemio
1391 1136 1555 1184 ponunt
1586 1130 1703 1184 (frgt.

182 1209 221 1248 8.
255 1204 304 1248 Ο.
337 1206 428 1261 Α.);
469 1208 513 1247 et
543 1203 714 1258 quidem
746 1217 839 1246 cum
871 1203 1002 1246 simili
1031 1206 1265 1257 praecepto
1299 1203 1590 1257 coniunctum,
1623 1201 1705 1245 sci-

182 1277 285 1320 licet
328 1280 377 1320 ut
423 1276 579 1320 callide
623 1289 695 1319 res
746 1276 790 1318 in
833 1280 1027 1319 nostrum
1071 1280 1196 1319 usum
1241 1276 1328 1319 sint
1379 1275 1705 1318 convertendae.

180 1349 397 1392 Isocrates
437 1350 507 1391 vix
546 1349 688 1402 potuit
730 1349 844 1391 idem
885 1347 1137 1390 vocabulum
1173 1348 1217 1390 in
1260 1352 1354 1390 arte
1384 1351 1475 1390 tam
1506 1347 1706 1403 ambigue

184 1420 417 1464 adhibere:
461 1420 649 1463 seriores
691 1420 734 1462 in
778 1419 859 1462 hac
900 1432 948 1462 re
988 1419 1128 1462 minus
1170 1420 1327 1462 curiosi
1368 1419 1548 1463 effecere
1591 1423 1640 1462 ut
1669 1420 1706 1462 is

187 1505 323 1547 aeque
370 1492 613 1536 incuriosus
654 1491 850 1534 videatur
892 1490 964 1546 (cf.
996 1491 1168 1534 Ernest.
1201 1491 1302 1534 Lex.
1336 1492 1414 1535 Rh.
1447 1505 1482 1536 s.
1512 1506 1549 1536 v.
1580 1490 1707 1533 κατά-

186 1578 320 1610 στασις
360 1562 533 1606 diversa
577 1565 933 1614 coacervantem).
994 1561 1059 1605 De
1090 1562 1283 1605 Isocrate
1324 1562 1600 1607 statuendum
1641 1566 1708 1607 est

184 1633 362 1677 verbum
392 1633 436 1675 in
468 1633 709 1687 antiquiore
741 1631 1054 1688 significatione
1086 1632 1283 1676 adhiberi
1314 1634 1477 1688 (tamen
1510 1633 1707 1676 κατάστα-

186 1720 244 1751 σις
277 1723 330 1744 =
364 1703 547 1758 διήγησις
578 1701 820 1745 Volkmann
854 1703 966 1757 149).

302 1778 361 1820 At
401 1775 535 1820 verba
576 1775 782 1819 Isocratis
825 1775 959 1831 μέλλει
998 1774 1178 1832 πράττειν
1210 1777 1399 1821 nonnihil
1430 1777 1709 1821 dubitationis

186 1847 397 1901 afferunt3
438 1860 549 1902 quae
593 1850 669 1891 aut
708 1847 763 1890 ad
804 1847 990 1892 futurum
1033 1853 1202 1903 tempus
1244 1855 1343 1904 post
1385 1850 1505 1893 litem
1545 1851 1710 1904 referri,

185 1926 261 1967 aut
291 1935 369 1977 pro
400 1920 654 1976 imperfecto
695 1920 863 1977 (ἤμελλε
891 1920 1090 1979 πράττειν)
1122 1923 1224 1977 poni
1254 1924 1431 1978 possint.
1492 1923 1603 1968 Illud
1635 1937 1709 1979 po-

186 1995 275 2037 tius
306 1995 499 2036 videtur:
540 1994 654 2036 unde
685 1992 734 2035 fit
764 1995 992 2050 πρόρρησις,
1024 2000 1099 2038 aut
1128 1997 1321 2038 narratio
1366 2009 1417 2039 ea
1460 1997 1513 2039 de
1553 1996 1709 2040 futuris

187 2066 342 2119 rebus,
385 2078 512 2121 quam
564 2066 853 2110 Anaximenes
900 2067 1133 2123 praecipit,
1180 2068 1438 2111 Aristoteles
1480 2067 1709 2122 improbat,

189 2139 478 2191 Quintil-ianus
523 2139 679 2181 irridet
721 2140 873 2193 (Anax.
922 2143 988 2182 31.
1030 2141 1053 2195 ξ
1095 2145 1135 2192 4,
1197 2142 1268 2183 Ar.
1301 2141 1381 2183 Rh.
1416 2145 1464 2195 3,
1515 2145 1591 2193 16,
1643 2146 1708 2194 11,

189 2212 333 2264 Quint.
382 2216 432 2266 4,
466 2214 514 2263 2,
548 2214 606 2262 3).
678 2210 813 2254 Nobis
855 2224 978 2254 usum
1017 2212 1296 2266 Euripideum
1337 2213 1393 2256 ad
1438 2214 1711 2258 Anaximenis

189 2297 384 2328 normam
426 2283 746 2327 conferentibus
789 2287 832 2326 et
867 2296 960 2326 rem
1004 2289 1049 2327 et
1087 2297 1237 2328 nomen
1277 2287 1390 2328 tueri
1431 2286 1545 2328 licet.
1621 2285 1710 2329 Nec

191 2357 457 2412 posteriores
488 2360 697 2411 spernunt
728 2356 985 2412 (Volkmann
1023 2358 1135 2412 150).

305 2431 370 2473 De
402 2430 552 2473 ordine
581 2430 844 2473 narrationis
876 2442 1042 2484 quoque
1065 2431 1302 2474 Isocratem
1333 2444 1429 2475 cum
1452 2432 1713 2476 Anaximene

190 2504 525 2549 consentientem
565 2502 715 2547 habes.
776 2503 845 2547 Ita
878 2503 990 2547 enim
1031 2503 1125 2546 ille:
1170 2504 1377 2561 διηγητέον
1411 2503 1454 2546 δὲ
1484 2503 1526 2547 τὸ
1558 2510 1712 2562 πρῶτον

167 2576 254 2638 Δκαὶ
284 2576 327 2619 τὸ
361 2576 542 2633 δεύτερον
572 2575 639 2618 καὶ
670 2575 719 2618 τὰ
749 2575 868 2618 λοιπὰ
899 2575 1121 2632 ἑπομένως·
1163 2575 1228 2618 καὶ
1271 2576 1324 2634 μὴ
1357 2576 1443 2634 πρὶν
1475 2579 1713 2621 ἀποτελέσαι

189 2648 233 2693 τὸ
265 2653 418 2707 πρῶτον
451 2647 506 2692 ἐπ’
545 2647 644 2691 ἄλλο
676 2648 796 2703 ἰέναις
837 2646 922 2691 εἶτα
952 2646 1015 2690 ἐπὶ
1046 2647 1089 2690 τὸ
1120 2652 1273 2706 πρῶτον
1304 2651 1504 2694 ἐπανιέναι
1535 2650 1613 2694 ἀπὸ
1645 2654 1714 2694 τοῦ

188 2724 349 2771 τέλους·
390 2722 456 2765 καὶ
497 2724 536 2764 αἱ
579 2721 642 2764 ἐπὶ
676 2723 793 2780 μέρος
835 2722 879 2764 δὲ
912 2721 1082 2765 διάνοιαι
1112 2723 1424 2767 τελειοόσθωσαν
1466 2723 1525 2783 ἐφ’
1571 2724 1714 2773 ἑαυτὰς

188 2797 529 2854 περιγραφόμεναι
569 2795 672 2853 (frg.
708 2799 758 2840 13
792 2795 840 2839 Ο.
874 2797 938 2849 Α.,
979 2796 1030 2840 cf.
1066 2797 1197 2840 Anax.
1230 2810 1265 2841 c.
1300 2801 1365 2841 31.
1398 2798 1422 2854 ἓ
1455 2799 1512 2853 5).
1573 2798 1631 2841 Et
1661 2798 1715 2841 ad
