1910 3154
934 68 959 106 4

187 179 296 222 Hinc
334 180 431 233 jure
484 181 652 223 mireris
696 181 998 223 Anaximenem
1042 182 1175 224 videri
1228 182 1449 236 prothesin
1499 184 1626 227 aliter
1670 187 1714 226 et

187 251 329 292 animo
370 252 618 305 concepisse
664 256 707 293 et
750 252 1028 295 collocavisse
1070 253 1124 306 (c,
1160 257 1213 296 30
1256 254 1303 308 ἐξ
1337 257 1419 306 21,
1459 254 1546 310 22).
1618 254 1713 297 Huc

186 324 336 365 trahas
368 323 484 365 aliud
515 324 722 366 Isocratis
754 323 1043 380 fragmentum
1075 325 1265 379 (Sauppe
1297 326 1399 381 frgt.
1435 327 1476 370 S.
1503 327 1550 370 O.
1585 327 1633 369 A.
1668 326 1711 381 2)

186 395 239 438 de
272 409 354 450 quo
385 396 498 439 infra
529 397 757 440 dicendum
788 398 884 440 erit.

761 523 837 571 De
873 523 1135 572 Prooemio.

301 619 536 662 Exordium
565 620 651 662 iam
690 620 804 674 apud
836 620 1061 663 Platonem
1092 619 1294 675 προοίμιον
1330 620 1596 675 appellatur,
1640 620 1712 675 qui

185 691 238 733 de
271 692 354 734 alio
385 692 585 746 principii
616 694 785 736 nomine
818 694 929 736 silet.
992 694 1115 747 Apud
1144 694 1349 736 Coracem
1378 697 1523 736 tamen
1555 694 1712 737 dicitur

180 763 420 813 κατάστασις
460 767 504 808 in
545 778 625 809 usu
667 766 800 810 fuisse
833 766 1018 822 (Syrian.
1060 766 1114 809 ad
1160 767 1362 820 Hermog.
1395 767 1473 809 Rh.
1507 766 1578 821 IV,
1613 770 1708 819 575,

180 838 420 881 Volkmann
451 853 491 892 p.
528 841 642 891 150).
706 840 824 882 Haec
872 839 1042 882 videtur
1082 852 1177 882 esse
1225 839 1345 882 verbi
1377 838 1635 895 significatio
1665 840 1708 881 in

181 911 375 955 Isocrate
409 912 530 969 (frgt.
565 914 633 968 8),
676 916 724 955 ut
755 916 872 956 certe
906 917 972 956 est
1004 913 1117 967 apud
1151 914 1458 956 Anaximenem
1491 912 1642 967 (semel
1674 925 1708 955 c.

183 988 249 1027 30.
284 986 305 1039 ξ
339 989 392 1027 22
427 986 567 1040 extr.)
652 986 825 1029 Scilicet
866 987 1077 1029 Rhetores
1122 986 1375 1030 vocabulum
1423 987 1465 1028 in
1516 986 1708 1029 diversas

182 1056 523 1113 significationes
561 1059 651 1112 jam
695 1058 1009 1113 detorquebant
1052 1059 1309 1110 (Volkmann
1339 1073 1378 1114 p.
1410 1059 1521 1114 149).
1598 1058 1709 1101 Num

180 1135 415 1186 praecepta
456 1131 509 1174 de
550 1132 604 1175 iis
647 1145 754 1186 quae
795 1133 838 1174 in
880 1133 1097 1186 prooemio
1140 1132 1371 1175 tractanda
1414 1132 1521 1186 sint,
1568 1132 1707 1174 Corax

180 1204 373 1259 dederit,
418 1205 485 1247 vix
518 1218 569 1248 ex
599 1205 705 1248 locis
735 1205 822 1247 iam
862 1218 993 1259 supra
1025 1206 1169 1248 allatis
1202 1205 1397 1248 concludi
1428 1209 1586 1258 potest.
1650 1205 1706 1247 At

179 1278 526 1332 Thrasymachus
564 1278 678 1331 apud
718 1278 943 1321 Platonem
997 1292 1080 1322 non
1131 1280 1223 1322 sine
1266 1279 1465 1321 irrisione
1505 1278 1707 1321 laudatur

179 1351 291 1404 quod
323 1351 380 1392 sit
412 1349 639 1405 διαβάλλειν
683 1366 724 1391 τε
754 1349 820 1391 καὶ
865 1350 1141 1391 ἀπολύσασθαι
1174 1349 1363 1407 διαβολὰς
1396 1350 1538 1405 ὁθενὸὴ
1570 1349 1706 1406 κράτι-

178 1436 266 1467 στος
301 1421 505 1475 (Phaedr.
540 1425 636 1464 267.
670 1422 754 1476 I).).
818 1421 936 1464 Haec
974 1422 1017 1464 in
1048 1422 1313 1475 prooemium
1354 1422 1523 1464 cadunt.
1586 1421 1704 1472 Quae

177 1494 214 1536 si
245 1494 475 1548 conjuncta
517 1494 628 1550 legis
672 1506 765 1536 cum
797 1493 928 1537 rebus
970 1495 1141 1550 epilogo
1174 1494 1378 1549 propriis,
1421 1494 1465 1536 id
1496 1494 1539 1536 in
1572 1506 1704 1537 causa

175 1566 310 1609 fuisse
343 1568 537 1618 videtur,
571 1567 683 1620 quod
716 1567 858 1609 omnia
890 1580 999 1620 quae
1031 1568 1084 1610 ad
1118 1567 1297 1610 affectus
1328 1567 1559 1610 movendos
1590 1580 1703 1611 com-

174 1639 480 1693 ponendosque
525 1640 871 1693 Thrasymachus
913 1640 956 1682 in
999 1639 1108 1683 libro
1149 1652 1225 1683 suo
1267 1639 1323 1695 (ἐν
1362 1640 1441 1686 τοῖς
1472 1639 1597 1687 ἐλέοις
1628 1642 1700 1682 Ar.

173 1712 253 1754 Rh.
274 1717 311 1764 3,
336 1717 371 1764 1,
392 1717 429 1754 7.
492 1713 530 1753 ἐν
562 1716 610 1767 τῇ
644 1714 798 1768 μεγάλῃ
829 1713 949 1769 τέχνῃ
984 1713 1123 1755 Schol.
1158 1714 1230 1755 Ar.
1251 1715 1325 1755 Av.
1351 1714 1454 1767 881)
1487 1713 1701 1766 conscrip-

173 1789 304 1828 serat.
369 1785 512 1828 Testis
558 1789 624 1828 est
664 1785 922 1828 Aristoteles
965 1786 1052 1828 iam
1094 1786 1381 1828 inveteratum
1414 1798 1509 1828 esse
1540 1798 1702 1829 morem

171 1859 288 1901 illum
322 1860 386 1901 sui
418 1860 461 1900 in
493 1859 712 1912 prooemio
745 1858 976 1901 excusandi
1010 1858 1107 1912 (Rh.
1127 1863 1166 1912 3,
1203 1862 1267 1913 14,
1305 1862 1371 1910 10,
1401 1858 1475 1901 ubi
1507 1859 1701 1912 exempla

170 1945 221 1975 ex
256 1931 462 1985 Euripide
504 1935 548 1974 et
580 1931 789 1985 Sophocle
831 1931 988 1987 affert).
1060 1931 1226 1973 Placita
1267 1931 1581 1973 Isocrateorum
1627 1930 1703 1973 dat

170 2005 400 2058 Dionysius
453 2005 525 2058 (de
568 2005 667 2058 Lys.
713 2004 804 2047 Iud.
847 2018 886 2058 p.
936 2008 1015 2047 193
1049 2004 1130 2058 sq.)
1172 2008 1216 2046 et
1260 2004 1464 2057 exemplis
1506 2017 1530 2046 a
1572 2004 1701 2058 Lysia

169 2081 340 2119 oratore
370 2077 519 2130 petitis
552 2077 756 2119 illustrat.
821 2076 995 2118 Scilicet
1025 2080 1125 2118 ante
1159 2077 1314 2126 omnia,
1346 2077 1381 2117 si
1415 2088 1497 2128 qua
1529 2075 1595 2117 sui
1628 2088 1699 2117 ex-

168 2155 258 2194 stat
290 2151 544 2204 criminatio,
578 2153 726 2192 orator
758 2162 804 2192 se
835 2153 996 2204 purgat
1031 2148 1113 2202 (Id.
1132 2162 1171 2203 p.
1198 2153 1292 2202 194,
1326 2148 1377 2191 cf.
1412 2149 1544 2191 Anax.
1572 2161 1605 2191 c.
1631 2152 1697 2192 30.

168 2224 215 2277 ἐξ
236 2227 302 2277 21,
338 2226 424 2277 22).
488 2223 532 2265 Si
565 2223 688 2276 culpa
718 2226 857 2273 vacat,
884 2222 1035 2275 incipit
1068 2235 1091 2264 a
1125 2222 1189 2264 sui
1223 2220 1435 2275 laudibus,
1469 2220 1522 2263 ab
1550 2221 1699 2264 adver·

167 2296 271 2338 sarii
304 2296 613 2338 criminatione.
678 2295 782 2337 Inde
810 2295 1025 2337 adulando
1057 2294 1221 2337 iudices
1254 2294 1469 2346 conciliat,
1503 2306 1549 2337 se
1580 2293 1697 2337 infir-

166 2381 280 2410 mum
316 2380 437 2422 esse,
485 2367 779 2410 adversarium
821 2370 1043 2420 potentem
1076 2365 1287 2419 affirmat3
1331 2379 1422 2409 rem
1462 2370 1699 2410 tractatam

167 2445 210 2485 et
240 2440 505 2495 reipublicae
548 2442 762 2484 interesse
806 2445 850 2483 et
881 2440 935 2484 ab
969 2439 1239 2484 auditoribus
1271 2453 1354 2483 non
1385 2439 1695 2494 neglegendam

164 2526 260 2556 esse
306 2538 359 2543 —
401 2514 585 2566 denique
632 2514 738 2555 nihil
790 2518 856 2555 est
904 2514 1186 2556 omittendum
1232 2513 1343 2566 quod
1391 2525 1438 2555 se
1486 2513 1696 2567 sublevet,

165 2586 277 2641 quod
324 2586 618 2630 adversarium
658 2586 874 2640 deprimat
916 2587 973 2641 (p.
1012 2586 1124 2642 194).
1194 2586 1414 2640 ProfectO,
1459 2586 1692 2629 secundum

163 2660 322 2702 artium
354 2660 614 2714 scriptores,
645 2659 688 2701 id
723 2659 996 2702 efficiendum
1028 2664 1106 2714 est,
1141 2673 1193 2702 ne
1225 2660 1318 2713 ipse
1360 2658 1594 2713 improbior
1632 2660 1694 2702 vi-

161 2733 318 2787 dearis,
353 2736 396 2775 et
427 2736 475 2775 ut
507 2732 748 2775 auditorem
782 2732 1037 2787 benivolum,
1074 2736 1314 2787 attentum,
1348 2732 1530 2775 docilem
1560 2731 1699 2775 facias

161 2805 221 2862 (p.
261 2809 357 2858 201,
393 2805 533 2856 Quint.
569 2810 607 2858 4,
646 2810 680 2860 1,
716 2806 773 2861 5).
