1910 3154
904 159 957 198 54

175 268 451 313 confirmatur
482 269 736 325 (1392—3).
798 270 848 313 In
896 270 988 323 Iph.
1022 270 1150 312 Taur.
1189 272 1286 321 647,
1320 273 1402 313 687
1436 270 1554 324 prior
1583 272 1713 325 urget

177 343 439 396 Honestum,
487 342 597 395 quod
642 343 755 385 alter
785 355 863 395 per
906 342 1025 385 Utile
1073 343 1202 384 levat.
1277 343 1326 384 In
1372 343 1523 385 eadem
1566 341 1714 385 fabula

175 414 278 468 (987
303 413 385 468 sq.)
416 413 536 467 prior
567 417 700 469 negat
729 426 822 457 rem
854 426 949 457 esse
972 413 1175 465 Facilem,
1209 414 1322 456 alter
1345 414 1407 456 ait
1439 426 1535 457 esse
1570 417 1714 456 tamen

176 484 451 530 Possibilem.

295 558 406 600 Ante
439 558 735 612 occupationis
767 559 874 601 haec
920 561 1021 600 sunt
1052 557 1273 610 exempla:-
1311 557 1355 599 in
1387 557 1543 599 Medea
1573 556 1713 611 (248).

179 628 446 671 Conveniens
478 642 529 671 ex
561 631 777 672 contrario
819 630 1046 672 refellitur.
1110 629 1163 671 H.
1197 629 1242 670 F.
1280 632 1361 670 140
1392 632 1485 670 tota
1515 627 1713 681 probatio

179 710 230 739 ex
261 698 579 741 detrectatione
620 703 792 741 constat
823 699 1125 753 (Honestum),
1168 710 1294 752 quam
1337 698 1449 740 alter
1491 696 1715 749 redarguit

178 782 230 812 ex
260 771 367 813 loeis
399 771 582 814 Honesti
613 772 824 825 neglectis
856 772 919 825 (ἐκ
951 774 1019 813 τοῦ
1051 770 1396 827 παραλειπομένου
1427 771 1504 812 An.
1541 772 1619 821 27,
1654 768 1711 822 3).

178 841 269 885 Alc.
304 845 401 886 658.
464 842 537 886 Or.
573 846 655 886 665
688 847 839 899 (negat
872 855 968 887 esse
1000 842 1302 897 Impossibile).

296 914 469 961 Λύσεως
501 917 721 968 exempla:
767 916 870 957 Hec.
910 919 1019 957 1196
1053 915 1272 970 (σύμφερον
1304 928 1383 967 per
1413 914 1517 960 εἰκός
1548 917 1594 956 et
1623 928 1714 953 τεκ-

180 985 352 1041 μήριον).
416 986 503 1029 Alc.
538 989 618 1030 681
665 986 726 1040 (ἐκ
768 988 838 1028 τοῦ
878 986 1257 1043 παραλειπομένου).
1319 985 1451 1028 Andr.
1487 988 1568 1027 184
1600 983 1713 1040 (Id.).

181 1057 297 1110 Cycl.
332 1061 415 1099 318
460 1058 585 1109 (nihil
616 1059 671 1100 ad
705 1071 799 1100 rem
846 1060 979 1100 Anax.
1014 1063 1095 1111 37,
1130 1062 1215 1107 29).
1279 1058 1392 1110 Cycl.
1433 1060 1516 1099 320
1548 1062 1620 1106 (=
1653 1057 1714 1096 δι-

179 1128 368 1185 καιότερα
397 1126 446 1171 τὰ
476 1128 654 1186 ἡμέτερα
683 1128 746 1173 Ib.
780 1130 802 1185 ξ
835 1133 922 1181 30).
985 1129 1098 1173 Med.
1133 1131 1217 1172 302
1250 1127 1328 1181 (lb.
1363 1128 1385 1183 ξ
1419 1130 1503 1178 28).

298 1202 603 1254 Respondetur
633 1202 1020 1255 anteoccupationi,
1053 1202 1124 1244 Or.
1150 1205 1231 1244 687
1265 1201 1474 1253 (ostendit
1504 1212 1600 1243 esse
1630 1199 1714 1241 Im-

181 1272 423 1328 possibile).

298 1345 349 1387 Id
380 1358 547 1399 quoque
578 1346 734 1388 statuit
773 1346 923 1388 rhetor
954 1350 1002 1388 ut
1043 1357 1145 1399 pars
1176 1357 1458 1398 unaquaeque
1490 1355 1714 1398 argumen-

181 1417 361 1459 tationis
391 1417 437 1458 in
466 1429 615 1459 vocem
645 1417 932 1459 universalem
965 1417 1162 1459 desinere
1192 1416 1331 1469 possit
1363 1416 1451 1469 (33,
1479 1416 1537 1470 6).
1598 1415 1717 1456 Inter

182 1492 351 1531 tantam
383 1490 673 1542 exemplorum
714 1488 881 1542 copiam
910 1488 1041 1530 liceat
1071 1500 1150 1541 per
1181 1500 1307 1530 unum
1339 1499 1430 1529 rem
1460 1486 1715 1540 transigere.

183 1560 312 1615 Hipp.
346 1564 444 1604 433.
504 1560 661 1604 Nutrix
691 1561 917 1603 Phaedrae
949 1560 1204 1613 respondet:
1247 1559 1485 1602 sententias
1517 1558 1715 1601 adhibet:

184 1635 293 1683 4363
326 1635 524 1684 441—2;
557 1636 667 1684 4583
701 1636 902 1683 465—63
935 1636 1032 1674 471.

301 1704 394 1745 Iam
424 1716 588 1759 genera
620 1704 863 1746 orationum
894 1704 1226 1753 consideremus,
1258 1707 1302 1745 et
1334 1703 1517 1756 primum
1547 1702 1719 1756 quidem
1747 1692 1751 1697 ’

185 1774 527 1818 deliberativum.

301 1847 446 1890 Finita
478 1848 624 1901 itaque
654 1848 919 1899 narratione,
953 1860 1047 1889 cum
1078 1846 1186 1889 fides
1201 1846 1400 1889 facienda
1432 1848 1502 1899 sit,
1534 1846 1718 1907 primum

186 1916 285 1972 (An.
321 1919 394 1973 33)
428 1919 542 1964 δόξαν
586 1922 656 1960 τοῦ
687 1919 869 1972 λέγοντος
903 1919 1204 1972 proponimus,
1249 1919 1348 1961 inde
1391 1919 1607 1972 exempla3
1651 1918 1719 1961 vel

187 1989 334 2039 εἰκότα,
367 1994 411 2032 et
442 1991 660 2044 exempla3
702 1991 770 2033 vel
807 1991 952 2043 capita
981 1989 1156 2032 finalia:
1200 1990 1452 2033 adhibemus
1484 1990 1613 2033 etiam
1646 2003 1719 2033 en-

187 2060 455 2115 thymemata
496 2065 541 2104 et
582 2062 834 2104 sententias.
908 2061 1164 2112 Consilium,
1213 2061 1269 2103 ad
1311 2061 1425 2114 quod
1467 2061 1720 2114 capiendum

187 2132 434 2188 hortamur,
468 2133 546 2176 sub
577 2132 705 2176 finem
737 2132 1061 2187 proponendum
1093 2136 1161 2175 est
1194 2131 1434 2188 (προτροπὴν
1466 2132 1605 2188 πέρατι
1637 2133 1721 2188 ὅρι-

189 2219 254 2244 σαι
287 2217 321 2246 c.
358 2207 425 2258 33,
460 2204 526 2259 9),
567 2204 680 2258 quod
712 2217 843 2258 saepe
887 2204 1099 2257 epilogum
1130 2204 1336 2247 inducere
1366 2204 1547 2247 videtur.
1610 2205 1721 2247 Ante

188 2276 484 2328 occupatione,
516 2276 554 2318 si
576 2289 628 2319 ex
648 2289 695 2319 re
728 2280 808 2330 est,
840 2279 1023 2318 utemur.
1088 2275 1167 2326 Qui
1190 2276 1232 2317 in
1255 2275 1442 2318 secundo
1474 2277 1567 2319 loco
1592 2276 1723 2319 verba

188 2347 308 2401 facit,
339 2347 463 2391 initio
492 2352 748 2402 argumenta
778 2348 936 2402 prioris
966 2347 1129 2390 refellit
1160 2346 1329 2403 (λύσις);
1370 2347 1483 2402 quod
1514 2348 1552 2391 si
1582 2348 1723 2392 minus

187 2419 408 2471 procedit,
451 2420 506 2461 ad
548 2420 664 2462 locos
694 2420 914 2472 neglectos
945 2419 1257 2461 decurrendum
1289 2422 1357 2461 est
1389 2419 1443 2472 (c.
1479 2423 1545 2470 35,
1578 2419 1601 2472 g
1632 2420 1721 2472 81).

189 2489 341 2542 Itaque
381 2489 419 2532 si
464 2490 538 2532 ille
584 2492 778 2544 Aequum
822 2502 917 2532 esse
974 2489 1194 2543 docuerit,
1250 2494 1297 2532 tu
1337 2490 1576 2532 Honestum
1627 2501 1723 2532 esse

188 2559 380 2613 negabis.
1040 2564 1050 2573 '
1072 2596 1080 2603 .

304 2633 442 2682 Breve
473 2633 559 2676 iam
602 2634 844 2687 exemplum
888 2633 1013 2676 huius
1051 2633 1226 2689 generis
1258 2645 1494 2687 apponam,
1539 2646 1620 2687 quo
1670 2634 1725 2677 ad

191 2704 406 2757 agendum
437 2704 659 2747 suadetur.
721 2705 769 2747 In
799 2706 985 2747 Bacchis
1029 2706 1216 2748 Cadmus
1256 2706 1496 2747 Pentheum
1536 2707 1591 2749 ad
1622 2707 1725 2750 Dio-

192 2787 342 2829 nysum
375 2776 601 2819 colendum
632 2777 846 2820 hortatur.
910 2776 1060 2820 Oratio
1093 2780 1160 2820 est
1185 2776 1414 2833 παραίνεσις
1445 2778 1562 2832 (330,
1594 2778 1726 2822 Volk-

192 2858 320 2889 mann
351 2858 391 2899 p.
427 2848 544 2902 294).
606 2847 702 2891 Duo
725 2847 843 2890 ‘sunt
885 2851 1160 2901 argumenta:
1203 2848 1270 2903 (l)
1302 2847 1362 2891 Ut
1402 2859 1485 2891 non
1517 2849 1574 2892 sit
1606 2848 1725 2901 deus,
