1910 3154
972 73 1025 114 66

225 182 279 237 (c.
314 186 382 238 37,
412 186 467 226 42
486 184 611 240 sqq.).
674 186 732 228 Et
760 185 914 240 Lysias
945 186 987 228 in
1011 186 1091 229 hoc
1109 188 1235 241 parte
1252 184 1468 229 infelicior
1489 187 1585 228 erat
1617 184 1761 240 (Dion.

224 268 264 307 p.
302 255 415 310 199).
479 256 738 300 Rhetoricus
771 258 824 300 de
856 258 1063 309 amicitia,
1097 259 1149 301 de
1181 258 1351 313 gratia,
1399 258 1453 301 de
1483 257 1761 300 miseratione

223 327 414 380 loquitur
444 326 496 383 (c.
532 332 600 383 35,
634 342 668 371 c.
705 330 793 384 37).
855 330 1047 373 Affectus
1094 334 1139 373 et
1184 330 1378 373 movendi
1411 334 1456 372 et
1499 329 1762 373 discutiendi

222 402 323 441 Sunt
365 399 498 454 (ἐλέου
539 401 703 457 εἰσβολὴ
739 421 792 437 =
824 400 887 443 ἐπὶ
928 401 992 443 τὸν
1039 401 1149 443 ἔλεον
1194 400 1302 456 ἄγειν
1335 414 1370 444 c.
1406 405 1474 454 35,
1508 402 1530 457 ἓ
1565 405 1612 454 3;
1644 401 1759 442 ἐλεου

222 471 369 527 ἐκβολή
405 492 458 508 =
492 472 727 529 ἀποτρέπειν
760 487 795 517 c.
831 478 898 529 35,
932 475 953 529 ξ
982 473 1066 530 11).
1130 474 1188 517 Et
1216 475 1298 529 ira,
1329 474 1504 526 invidia,
1534 473 1762 516 inimicitia

222 545 478 589 excitandae
510 550 610 589 sunt
642 548 697 601 (c.
733 551 800 599 35,
837 551 920 600 113
956 551 1023 602 37,
1056 546 1144 603 46).

340 618 573 671 Triplicem
608 619 770 674 epilogi
802 618 1153 663 distributionem
1183 619 1371 663 seriores
1404 618 1607 662 exhibent
1638 618 1761 673 (Cor-

221 688 389 733 nificius
423 692 461 744 2,
496 694 564 745 30,
597 694 666 733 47.
730 690 880 733 Cicero
912 691 1000 733 Inv.
1039 695 1075 743 1,
1110 694 1177 743 52,
1212 691 1300 747 98).

338 764 463 817 Apud
496 764 775 807 Aristotelem
807 765 1134 819 quadruplicem
1165 764 1302 808 habes
1334 767 1387 812 (c.
1415 764 1499 817 19).
1567 767 1601 805 l.
1633 778 1759 803 κατα-

220 834 417 878 σκευάσαι
455 834 519 876 τὸν
568 834 784 891 ἀκροάτην.
849 839 886 879 2.
931 835 1106 892 αὔξησις.
1171 840 1207 879 3.
1241 834 1378 883 πάθος.
1442 838 1481 877 4.
1515 833 1757 890 ἀνάμνησις,

220 921 273 951 ex
303 907 457 962 quibus
489 908 672 951 alteram
713 913 882 962 partem
914 910 1200 952 Anaximenes
1242 909 1285 951 in
1317 908 1485 962 epilogo
1517 920 1599 951 non
1630 920 1758 961 prae-

220 980 351 1034 cipit:
385 993 516 1037 saepe
547 980 590 1022 in
621 979 838 1034 prioribus
871 981 924 1035 (c.
964 985 1031 1034 35,
1068 981 1089 1036 ξ
1124 985 1163 1036 9,
1197 994 1231 1023 c.
1267 984 1334 1033 36,
1366 981 1388 1036 ξ
1425 977 1509 1036 17).

336 1054 442 1096 Inde
469 1054 700 1107 Dionysius
734 1055 807 1106 (de
824 1055 922 1107 Lys.
951 1058 1047 1107 197,
1084 1055 1184 1107 199)
1215 1058 1306 1096 tres
1338 1057 1490 1106 partes
1520 1053 1756 1105 constituit,

218 1121 261 1163 τὸ
294 1125 471 1178 πρᾶγμα,
503 1121 546 1163 τὸ
577 1121 716 1175 πάθος,
750 1139 793 1163 το
825 1123 935 1178 ἦθος.
997 1124 1060 1165 De
1083 1126 1304 1176 postrema
1338 1121 1471 1165 habet
1502 1122 1637 1164 multa
1661 1122 1755 1163 Ari-

217 1194 426 1237 stoteles:
459 1208 537 1237 nec
569 1194 733 1238 diserte
766 1195 819 1238 de
844 1195 1011 1248 epilogo
1045 1196 1159 1237 solo:
1194 1190 1337 1250 σχέδον
1371 1196 1425 1241 ὡς
1456 1194 1576 1235 εἰπεῖν
1608 1209 1757 1249 κυριω-

217 1264 338 1320 τάτην
372 1264 457 1321 ἔχει
489 1266 615 1307 πίστιν
647 1265 689 1306 τὸ
721 1266 819 1322 ἦθος
853 1267 951 1321 (Rh.
989 1271 1031 1320 1,
1067 1270 1105 1318 2,
1138 1270 1164 1308 4
1197 1266 1249 1309 cf.
1283 1267 1305 1321 ξ
1339 1268 1396 1321 3).
1461 1265 1618 1318 Πάθος,
1660 1266 1758 1321 ἦθος

217 1339 330 1392 apud
377 1339 685 1389 Quintilianum
728 1343 827 1382 sunt
875 1338 1104 1381 affectuum
1150 1339 1261 1381 duae
1300 1339 1490 1392 species,
1533 1351 1642 1392 quae
1686 1338 1755 1394 „in

215 1411 436 1465 prooemio
468 1415 598 1465 atque
630 1412 673 1453 in
706 1412 875 1465 epilogo
907 1411 1057 1454 sedem
1088 1410 1249 1454 habere
1279 1410 1506 1454 videntur“
1541 1409 1756 1467 (6,1,51).

215 1482 305 1524 Nec
336 1482 459 1536 ἢθους
490 1482 651 1524 mentio
690 1482 804 1535 apud
838 1482 1144 1524 Anaximenem
1175 1482 1322 1524 deest:
1365 1494 1436 1524 res
1479 1481 1641 1523 diserte
1672 1494 1756 1523 non

213 1558 432 1597 tractatur
463 1555 517 1609 (C.
552 1558 619 1608 39,
654 1557 691 1606 2,
727 1558 764 1606 6,
797 1554 850 1597 cf.
884 1554 906 1609 ξ
941 1557 978 1608 9,
1013 1566 1046 1596 c.
1085 1558 1133 1596 11
1169 1557 1225 1609 τῷ
1256 1554 1345 1609 ἤθει
1375 1556 1444 1595 τοῦ
1484 1553 1666 1608 λέγοντος
1702 1574 1751 1588 ==

216 1627 396 1669 Aristot.
432 1639 464 1668 c.
500 1630 568 1678 36,
602 1627 623 1680 ξ
660 1631 709 1668 17
743 1627 888 1679 paullo
923 1627 1051 1669 aliter
1083 1640 1118 1669 c.
1153 1630 1222 1680 23,
1254 1627 1312 1680 8).

332 1699 472 1741 Multa
503 1700 546 1740 in
573 1699 835 1749 Quintiliano
868 1699 920 1741 de
952 1699 1066 1741 risu:
1100 1699 1171 1752 qui
1205 1697 1258 1740 ab
1293 1698 1554 1740 Anaximene
1586 1698 1755 1752 neglec-

217 1775 288 1813 tus
321 1771 574 1826 agnoscitur
605 1775 751 1812 tamen
786 1771 840 1823 (c.
877 1774 931 1812 23
965 1771 1117 1811 ἀστεῖα.
1182 1783 1216 1812 c.
1254 1774 1321 1821 36,
1360 1773 1410 1811 16
1444 1771 1668 1825 σκώμματα
1700 1770 1753 1812 cf.

216 1843 238 1897 ἓ
275 1843 360 1896 15).
422 1841 512 1883 Nec
554 1842 679 1894 plura
726 1842 1012 1893 Aristoteles,
1062 1854 1321 1896 quamquam
1362 1842 1485 1895 plura
1536 1842 1754 1895 pollicitus

214 1914 311 1971 (Rh.
339 1918 378 1967 3,
416 1917 466 1957 18
492 1927 525 1957 s.
545 1913 608 1968 f.).
671 1913 865 1967 Uterque
898 1917 966 1956 est
998 1913 1216 1968 Gorgiano
1247 1914 1363 1957 dicto
1397 1918 1632 1957 contentus
1679 1913 1752 1966 (cf.

214 2001 346 2041 supra
378 2001 417 2041 p.
456 1989 520 2029 11.
584 1988 661 2029 An.
696 1990 764 2039 36,
801 1988 866 2029 17.
929 1987 1170 2030 Volkmann
1203 2001 1244 2041 p.
1280 1988 1396 2042 288).

328 2061 421 2103 Iam
453 2060 507 2102 ad
540 2059 794 2112 Euripidem
824 2060 1144 2102 recurrendum.
1207 2060 1276 2102 Illi
1307 2059 1351 2102 id
1382 2072 1477 2102 cum
1508 2059 1753 2104 oratoribus

214 2146 437 2177 commune
479 2137 548 2175 est
579 2132 692 2186 quod
725 2132 1017 2183 Quintilianus
1050 2132 1184 2175 habet
1217 2134 1276 2187 (6,
1313 2137 1349 2186 1,
1384 2132 1452 2187 2):
1504 2132 1651 2187 „Quae
1683 2146 1751 2176 re-

211 2210 431 2259 petemus,
473 2217 601 2257 quam
642 2203 918 2255 brevissime3
960 2217 1070 2257 quae
1104 2208 1249 2248 autem
1282 2205 1574 2247 enumeranda
1605 2205 1752 2259 viden-

210 2281 304 2328 tur,
351 2289 446 2319 cum
491 2275 682 2329 pondere
726 2275 870 2329 aliquo
915 2275 1097 2318 dicenda
1140 2279 1241 2318 sunt
1282 2279 1327 2318 et
1366 2275 1480 2329 aptis
1522 2275 1752 2319 excitanda

210 2348 440 2392 sententiis
473 2351 517 2390 et
557 2346 705 2400 figuris
751 2348 898 2400 utique
931 2346 1160 2388 varianda:
1203 2346 1363 2399 alioqui
1395 2346 1500 2388 nihil
1533 2350 1599 2389 est
1631 2347 1750 2390 odio-

210 2422 300 2465 sius
331 2423 455 2463 recta
485 2419 560 2462 illa
602 2419 864 2473 repetitione
905 2420 1022 2461 velut
1063 2418 1521 2463 memoriae-iudicum
1551 2418 1750 2463 diffiden-

207 2493 308 2537 tis“.
341 2519 398 2523 —-—
429 2493 581 2535 Brevis
614 2505 710 2535 esse
744 2491 916 2535 laborat
947 2491 1194 2545 Euripides.
1260 2491 1378 2543 Quae
1412 2495 1556 2535 tamen
1589 2493 1751 2546 repetit

209 2579 337 2620 quam
368 2565 553 2608 maxime
597 2563 803 2618 diffingit,
849 2565 1015 2616 variat,
1065 2567 1257 2607 exornat.
1334 2565 1470 2618 Aptas
1508 2565 1750 2607 sententias

207 2638 373 2694 passim
415 2637 655 2680 invenimus
695 2637 866 2679 multas.
937 2637 994 2679 At
1033 2636 1147 2679 idem
1189 2640 1341 2679 contra
1381 2640 1618 2691 praecepta
1655 2649 1750 2681 sae-

204 2712 383 2767 pissime
426 2714 579 2764 peccat
624 2710 667 2752 in
711 2722 761 2752 eo
809 2709 922 2764 quod
963 2709 1016 2752 ad
1061 2709 1281 2752 exordium
1314 2709 1511 2752 recurrit.
1574 2709 1749 2754 Diserte

205 2785 320 2833 enim
352 2781 606 2826 Cornificius
649 2783 707 2836 (2,
743 2786 811 2836 30,
845 2782 942 2836 47):
992 2782 1129 2837 „Item
1172 2781 1412 2824 curandum
1453 2785 1541 2837 est,
1590 2794 1643 2824 ne
1675 2786 1750 2825 aut
