1910 3154
937 89 988 128 55

195 203 241 242 at
271 201 376 243 deus
408 212 503 242 esse
533 200 745 255 fingatur,
778 202 822 243 id
855 202 966 254 quod
1000 205 1147 243 nostro
1181 202 1378 243 universo
1411 201 1559 253 generi
1592 200 1723 242 hono-

194 286 284 317 rem
329 273 538 316 conciliet.
583 298 637 304 —-
681 274 797 316 Finis
839 278 907 316 est
947 274 1126 317 Utilitas
1179 286 1272 316 cum
1327 273 1567 316 Honestate
1624 284 1723 314 con-

195 346 341 388 iuncta
373 370 455 388 —.
490 346 553 401 (2)
587 347 700 389 Cave
730 359 783 389 ne
824 346 961 390 fatum
992 359 1071 400 par
1112 350 1155 389 et
1187 347 1326 389 simile
1371 345 1461 389 fato
1494 344 1724 388 Actaeonis

195 417 276 460 tibi
307 418 488 461 accidat.
512 443 562 448 ·—
595 418 687 461 Hoc
712 422 778 462 est
804 419 1056 472 Exemplum
1089 423 1134 461 et
1166 419 1335 472 quidem
1367 419 1648 462 notissimum.
1671 441 1721 447 -—

196 490 289 532 Iam
319 490 363 532 in
394 490 611 543 prooemio
643 491 816 534 solitum
856 504 999 533 rerum
1032 504 1203 534 cursum
1233 491 1520 533 indicaverat:
1565 489 1618 544 μὴ
1653 488 1724 529 θύ-

197 565 293 617 ραζε
323 569 398 604 τῶν
428 563 559 617 νόμων
592 564 731 617 (331).

312 635 421 676 Dein
441 638 774 678 consentaneum
804 639 872 677 est
903 634 1056 677 afferre
1080 636 1361 678 dissuasionis
1395 635 1646 687 exemplum.
1666 658 1722 664 —-

195 703 272 746 Ion
302 703 347 746 in
378 703 630 759 cognomine
662 703 808 746 fabula
830 704 1035 747 Creusam
1066 703 1119 746 ab
1152 704 1324 747 oraculo
1357 703 1615 746 consulendo
1648 703 1722 745 de-

195 776 396 818 hortatur
428 777 561 830 (369).
625 777 725 819 Tria
748 781 848 819 sunt
879 780 1135 832 argumenta
1167 775 1229 831 (l)
1262 776 1360 819 Iure
1392 774 1591 818 Phoebus
1622 788 1721 829 pro-

196 846 273 892 bro
316 847 496 892 affectus
537 852 579 892 te
622 848 780 892 laedet.
829 874 880 880 —-
923 849 1040 892 Finis
1082 852 1149 892 est
1181 848 1408 903 Aequitas:
1451 848 1508 891 ad
1549 848 1721 892 solitum

196 931 362 972 quoque
403 932 545 961 rerum
593 933 760 962 cursum
802 922 935 962 tacite
979 921 1170 973 respicit.
1215 922 1278 974 (2)
1311 920 1542 962 Oraculum
1572 924 1723 962 contra

196 991 322 1034 deum
353 992 493 1045 ipsum
524 992 747 1035 consulere
778 1005 861 1035 non
893 992 1030 1035 decet.
1056 1016 1110 1022 —
1142 991 1259 1034 Finis
1293 994 1359 1034 est
1390 991 1621 1034 Honestas.
1656 990 1720 1046 (3)

196 1061 273 1104 Dis
304 1062 449 1104 invitis
484 1075 737 1115 responsum
779 1064 902 1115 quasi
932 1064 972 1104 vi
1015 1064 1124 1104 velle
1157 1066 1431 1115 extorquere,
1478 1063 1579 1114 quid
1622 1075 1721 1115 pro-

197 1134 323 1177 dest?
354 1160 407 1165 —
438 1135 556 1177 Finis
588 1139 656 1178 est
685 1134 864 1178 Utilitas
896 1132 1182 1191 (ὠφελούμεθα
1214 1134 1329 1190 380).
1391 1134 1586 1176 Alterum
1617 1132 1723 1176 illud

196 1211 492 1260 argumentum
534 1208 674 1260 possis
716 1207 846 1249 etiam
887 1206 1048 1249 habere
1092 1219 1169 1260 pro
1218 1208 1434 1249 sententia
1474 1207 1607 1259 priori
1652 1219 1722 1249 su-

196 1278 340 1323 biecta
371 1277 551 1335 (γνωμὰς
584 1312 592 1320 .
628 1313 635 1321 .
671 1312 679 1320 .
714 1279 936 1333 ἐνεγκόντες
969 1279 1102 1321 AnaX.
1139 1282 1207 1331 33,
1240 1281 1295 1330 6).

312 1353 509 1394 Alterum
540 1352 823 1394 dissuadendi
855 1352 1096 1404 exemplum
1129 1364 1180 1393 ex
1210 1350 1398 1394 Hercule
1429 1350 1617 1393 Furente
1648 1363 1722 1404 pe-

195 1427 326 1466 tatur.
389 1423 540 1466 Oratio
572 1428 639 1466 est
669 1423 896 1478 παραίνεσις
928 1424 1075 1477 (847),
1126 1436 1235 1476 quae
1278 1426 1423 1464 tamen
1465 1422 1617 1464 eadem
1650 1423 1723 1464 de-

195 1495 394 1538 hortetur
423 1496 558 1549 (854).
620 1495 824 1538 Probatio
843 1498 937 1538 tota
967 1495 1011 1537 in
1032 1495 1280 1538 narratione
1304 1493 1548 1536 continetur
1571 1493 1723 1547 (Anax.

197 1571 265 1619 33,
303 1568 356 1622 1).
418 1567 556 1620 Igitur
586 1567 745 1620 pendet
774 1567 959 1620 primum
990 1579 1041 1608 ex
1072 1566 1333 1608 auctoritate
1365 1565 1550 1608 dicentis
1583 1565 1636 1620 (c.
1658 1569 1723 1619 15,

196 1638 218 1692 ἓ
252 1638 309 1691 6).
371 1638 498 1680 Valet
544 1642 689 1681 autem
730 1639 774 1680 in
806 1639 997 1681 consiliis
1029 1638 1265 1680 auctoritas
1296 1637 1527 1690 plurimum
1559 1637 1724 1691 (Quint.

198 1713 235 1763 3,
269 1713 308 1760 8,
346 1710 427 1763 12).
488 1710 642 1763 Itaque
691 1722 716 1751 a
761 1710 970 1762 principio
1002 1710 1133 1762 Lytta
1178 1721 1224 1750 se
1255 1709 1392 1750 iactat
1433 1709 1568 1761 (843).
1631 1708 1723 1751 Hoc

196 1784 264 1823 est
293 1784 573 1833 praeceptum
595 1781 840 1823 Rhetorici:
873 1784 1025 1835 πρῶτον
1059 1782 1084 1834 ἡ
1117 1780 1211 1826 δόξα
1242 1782 1311 1821 τοῦ
1333 1779 1515 1833 λέγοντος
1548 1779 1723 1835 (33,1):

196 1849 256 1892 Sic
290 1862 315 1891 a
345 1849 479 1891 Poeta
510 1850 670 1892 elatum
700 1852 746 1904 ἦν
782 1849 942 1904 πίθησθ’
975 1850 1083 1903 ἐμοῖς
1114 1849 1246 1902 λόγοις
1281 1849 1431 1903 (848);
1467 1848 1512 1889 οὐ
1544 1853 1723 1904 παραινῶ

196 1920 329 1976 (854).
391 1922 509 1964 Finis
541 1926 609 1964 est
646 1922 825 1965 Utilitas
858 1923 975 1976 (847,
1007 1921 1131 1974 854);
1166 1920 1316 1963 subest
1348 1921 1566 1964 Honestas
1589 1921 1724 1978 (849).

195 1992 418 2045 Epilogum
450 1993 519 2034 vix
550 1993 722 2046 dignum
755 1994 826 2046 qui
856 2006 933 2045 pro
966 1994 1043 2034 tali
1077 1992 1313 2044 habeatur,
1347 1993 1467 2035 dicas
1499 2005 1595 2035 esse
1627 1992 1724 2035 bre—

196 2076 288 2106 vem
319 2064 486 2107 consilii
518 2063 897 2119 significationem:
931 2063 1000 2118 τὴν
1033 2063 1257 2118 προτροπὴν
1290 2063 1429 2118 πέρατι
1461 2064 1593 2118 ὅρισαι
1625 2065 1723 2117 (An.

199 2137 267 2187 33,
299 2135 356 2189 9).

312 2207 378 2249 Ad
409 2206 719 2260 rempublicam
758 2207 1032 2249 tractandam
1062 2207 1260 2260 Euripidi
1301 2208 1441 2263 magis
1483 2208 1569 2250 vim
1599 2220 1725 2261 quam

194 2279 458 2322 voluntatem
489 2278 677 2321 defuisse
709 2279 953 2331 suspiceris.
1017 2279 1135 2321 Adeo
1158 2291 1239 2321 non
1261 2279 1433 2332 invitus,
1467 2280 1570 2321 data
1601 2291 1723 2321 occa-

196 2351 328 2402 sione,
360 2350 592 2407 imaginem
613 2351 897 2394 contionantis
929 2351 1074 2404 populi
1097 2354 1197 2393 ante
1229 2351 1376 2394 oculos
1408 2351 1540 2404 ponit.
1604 2350 1726 2401 Quod

195 2420 243 2463 fit
274 2422 316 2462 in
339 2421 654 2474 disceptatione
686 2423 739 2463 de
761 2422 992 2463 reddendis
1015 2422 1214 2463 Herculis
1245 2421 1345 2464 filiis
1371 2422 1560 2475 (Heracl.
1584 2425 1723 2464 136-

196 2492 312 2547 252).
376 2492 497 2535 Prior
527 2492 718 2547 Copreus
760 2494 926 2536 suadet.
990 2494 1044 2535 Et
1076 2494 1162 2534 iam
1208 2494 1251 2534 in
1283 2494 1531 2535 narratione
1563 2496 1725 2545 (139—

195 2563 267 2619 46)
299 2564 444 2607 insunt
491 2565 656 2607 semina
699 2565 913 2618 quaedam
954 2564 1258 2617 probationum
1289 2564 1453 2619 (Quint.
1487 2569 1527 2618 4,
1562 2568 1600 2615 2,
1634 2564 1723 2619 54),

194 2635 346 2690 quibus
405 2637 449 2678 in
499 2637 741 2690 posteriore
798 2638 992 2679 oratione
1044 2635 1331 2689 respondetur
1382 2637 1485 2690 (139
1519 2656 1572 2671 =
1611 2635 1725 2691 185)-

193 2706 303 2750 Nam
336 2711 380 2749 et
410 2708 532 2762 leges
564 2708 730 2761 profert
772 2713 816 2750 et
847 2709 958 2762 quod
990 2708 1232 2763 legitimum
1265 2711 1332 2749 est
1364 2707 1518 2749 callide
1552 2720 1644 2749 cum
1677 2720 1726 2748 eo

194 2779 307 2833 quod
341 2791 524 2832 aequum
555 2783 622 2822 est
654 2780 912 2823 commiscet.
974 2779 1175 2823 Narratio
1200 2791 1366 2833 quoque
1399 2779 1593 2833 exempla
1623 2778 1728 2821 afia-
