1910 3154
908 90 958 130 61

164 215 198 245 G.
234 205 301 253 36,
334 203 356 257 ξ
395 206 446 245 14
476 203 836 257 παλιλλογὴσαντες
870 201 908 242 ἐν
941 200 1150 257 κεφαλαίῳ
1181 198 1228 240 τὰ
1260 200 1526 256 προειρημένα
1555 202 1688 242 τελευ-

162 274 232 330 τὴν
263 275 352 330 ἤτοι
382 275 542 330 γνώμην
574 277 599 330 ἢ
638 273 848 329 ενθύμημα
878 271 990 315 παντὶ
1021 276 1077 328 τῷ
1107 272 1215 328 λόγῳ
1249 272 1500 328 ἐπιθήσομεν.

280 347 434 389 Totam
473 346 594 389 vides
637 347 875 389 orationem
917 358 1010 389 cum
1054 344 1299 398 praeceptis
1331 345 1604 388 Anaximenis
1636 346 1688 388 de

164 420 245 462 hoc
276 432 433 473 genere
465 419 519 475 (c.
554 419 625 474 36)
659 423 966 472 comparatam.
1028 416 1114 460 Ubi
1145 418 1256 460 enim
1289 417 1464 470 laudas,
1509 417 1687 472 amplifi-

164 492 278 534 catio
309 491 404 545 ipsa
435 496 503 534 est
532 490 744 546 probatio.

278 564 326 606 In
358 564 533 607 tertium
573 564 711 607 locum
754 562 947 606 succedit
977 561 1091 615 apud
1123 561 1429 605 Anaximenem
1458 575 1592 616 genus
1623 563 1686 605 iu-

165 635 333 677 diciale.
392 634 440 677 In
471 635 550 678 hac
578 638 703 688 parte
733 635 919 677 seriores
954 645 1089 687 usque
1121 634 1174 676 ab
1193 634 1426 677 Aristotele
1457 634 1685 688 plurimum

164 720 323 760 operae
354 711 608 761 posuerunt:
641 720 718 750 nec
747 706 1033 749 Anaximenes
1065 706 1108 748 in
1138 706 1392 760 probatione
1424 706 1687 750 elaboranda

165 777 314 822 defuit.
375 781 410 821 A
441 791 522 833 quo
555 791 664 832 quae
695 779 738 820 in
768 790 859 820 rem
901 782 1093 820 nostram
1124 790 1217 820 esse
1249 779 1496 830 videantur,
1538 779 1687 821 decer-

163 864 286 905 pam:
318 852 453 893 multa
484 851 594 892 enim
616 852 759 893 insunt
789 851 917 903 plane
940 849 1141 904 forensia,
1175 851 1308 893 multa
1339 864 1416 894 nec
1447 855 1576 904 poeta
1608 863 1685 894 nec

164 924 379 966 rhetorico
411 924 550 977 digna.

279 995 338 1037 Et
380 995 563 1048 primum
602 994 656 1036 de
697 997 815 1036 statu
856 994 928 1046 qui
958 993 1128 1035 dicitur.
1193 994 1309 1044 Quae
1351 1007 1422 1037 res
1471 999 1545 1049 „ut
1589 995 1686 1038 bre-

164 1068 337 1110 vissimo
368 1069 517 1120 pateat
548 1066 764 1118 exemp103
808 1077 902 1108 cum
935 1065 1039 1107 dicit
1068 1077 1191 1117 reus3
1227 1066 1409 1109 Etiamsi
1440 1066 1534 1117 feci,
1567 1072 1687 1111 recte

164 1138 259 1191 feci,
293 1138 517 1192 qualitatis
540 1138 676 1180 utitur
694 1141 825 1188 statu,
859 1150 954 1179 cum
977 1137 1131 1188 adicit;
1165 1137 1248 1179 Sed
1279 1151 1361 1180 non
1390 1138 1487 1190 feci,
1520 1141 1686 1183 coniec-

163 1214 304 1253 turam
337 1209 503 1252 movet“
548 1209 710 1264 (Quint.
744 1213 783 1260 3,
817 1213 855 1260 6,
893 1211 976 1263 10).
1051 1209 1286 1265 „Quoniam
1317 1211 1429 1264 quod
1459 1212 1552 1255 iure
1582 1213 1686 1255 dici-

163 1296 259 1326 mul
289 1282 457 1333 fecisse,
489 1294 572 1324 non
603 1281 713 1323 hunc
745 1281 881 1323 solum
911 1280 1177 1323 intellectum
1210 1281 1354 1336 habet,
1386 1287 1435 1325 ut
1465 1284 1576 1339 lege,
1609 1285 1686 1327 sed

165 1356 283 1399 illum
316 1367 496 1409 quoque,
527 1358 575 1397 ut
598 1354 710 1397 iuste
728 1353 883 1396 fecisse
915 1353 1147 1408 videamur,
1179 1355 1325 1408 itaque
1357 1355 1556 1399 dixerunt
1586 1370 1685 1400 con-

165 1429 416 1472 iecturalem
448 1431 622 1481 statum,
653 1427 853 1481 legalem,
885 1426 1180 1469 iuridicalem“
1215 1427 1294 1482 (Ib.
1328 1428 1415 1482 45).

282 1499 621 1543 Coniecturalem
650 1511 698 1541 re
729 1499 924 1552 agnoscit
954 1499 1260 1551 Anaximenes3
1294 1501 1487 1554 agnoscit
1519 1514 1684 1555 quoque

164 1573 431 1616 iuridicalem
462 1570 627 1627 (ἃν-μέν
660 1570 909 1625 ἀντιλέγηται
938 1568 985 1611 τὰ
1016 1569 1229 1626 πράγματα
1261 1606 1269 1613 .
1304 1604 1312 1612 .
1346 1604 1354 1611 .
1390 1571 1434 1613 ἂν
1469 1572 1513 1613 δὲ
1538 1574 1685 1628 ὁμολο-

165 1649 282 1700 γῆται
313 1657 347 1686 c.
381 1647 449 1694 37,
482 1643 504 1697 ξ
537 1640 632 1697 14);
675 1642 846 1684 nomina
887 1642 1053 1684 desunt.
1114 1643 1290 1697 Legalis
1332 1645 1517 1699 vestigia
1549 1645 1685 1688 habes

165 1716 231 1771 (ss
264 1718 332 1767 22,
363 1714 450 1767 40>-

281 1785 591 1829 Coniecturalis
632 1787 772 1827 status
817 1785 930 1837 apud
973 1783 1220 1838 Euripidem
1263 1787 1305 1828 in
1346 1787 1577 1842 Hippolyto
1622 1790 1686 1832 in-

164 1859 344 1910 venitur.

279 1931 398 1973 Haec
430 1934 529 1972 sunt
560 1932 804 1982 praecepta.
833 1930 1049 1972 —Primo
1080 1930 1173 1972 loco
1206 1935 1304 1973 sunt
1333 1933 1528 1984 ponenda
1561 1936 1684 1977 testi-

164 1997 319 2054 monia,
351 2013 460 2055 quae
492 2002 527 2044 si
559 1999 780 2043 credibilia
812 2005 924 2052 sunt,
958 2002 1104 2043 statim
1128 2001 1369 2044 confirmari
1401 2002 1559 2046 debent
1589 2018 1684 2047 sen-

163 2075 312 2117 tentiis
343 2078 388 2115 et
417 2086 494 2126 per
523 2073 793 2126 enthymema
826 2085 877 2114 ex
906 2073 1268 2126 repugnantibus:
1310 2075 1346 2116 si
1376 2076 1515 2118 minus
1547 2078 1685 2120 credi-

162 2146 279 2201 bilia,
302 2149 414 2200 sunt,
447 2144 665 2188 afferenda
695 2147 794 2187 sunt
823 2145 1084 2197 verisimilia,
1118 2147 1334 2200 exempla,
1366 2149 1578 2203 τεκμήρια,
1613 2166 1685 2205 ση-

80 2260 83 2261 ⁷
166 2219 278 2273 μεῖα,
326 2215 508 2272 ὲλεγχοί,
555 2215 708 2270 quibus
759 2217 942 2270 denique
986 2219 1228 2261 sententiae
1274 2224 1318 2261 et
1367 2221 1685 2275 enthymemata

161 2287 459 2344 subiungenda
489 2290 601 2329 sunt.
662 2285 753 2329 Hae
784 2289 909 2339 parte
932 2291 1110 2340 peracta
1142 2287 1198 2330 ad
1230 2292 1330 2331 ante
1362 2291 1685 2344 occupationem

160 2359 370 2416 pergitur.
431 2358 584 2401 Omnia
614 2354 724 2412 qua'e
754 2370 832 2412 pro
863 2359 986 2402 nobis
1016 2358 1192 2411 faciunt,
1227 2361 1421 2414 augenda
1452 2367 1563 2416 sunt,
1596 2376 1685 2406 om-

161 2433 233 2476 nia
263 2445 315 2475 ex
346 2431 528 2474 adverso
560 2431 802 2474 minuenda.

277 2504 349 2547 Ait
380 2517 484 2560 ergo
516 2503 728 2548 Theseus:
762 2503 1021 2559 Hippolytus
1064 2509 1209 2562 negat.
1269 2505 1392 2549 Prior
1424 2506 1625 2551 Theseus.

277 2577 433 2619 Statim
474 2575 529 2618 ab
577 2577 699 2619 initio
742 2576 1012 2631 probationis
1056 2577 1103 2620 fit
1150 2579 1311 2620 mentio
1354 2579 1588 2621 testimonii
1633 2593 1684 2623 ex

158 2647 384 2691 Phaedrae
416 2659 593 2701 corpore
626 2648 729 2702 (944
762 2648 814 2692 cf.
850 2651 932 2691 972
974 2651 1115 2705 νεκροῦ
1146 2649 1336 2705 παρόντος
1384 2648 1576 2706 μάρτυρος
1609 2667 1683 2693 σα-

159 2717 386 2776 φεστάτου).
449 2719 986 2762 Testimonium-credibile
1018 2733 1114 2763 esse
1133 2722 1303 2763 videtur
1335 2723 1422 2775 (37,
1449 2726 1532 2776 15).
1594 2724 1682 2767 Ita-

160 2804 240 2847 que
255 2794 491 2845 sequuntur
514 2790 832 2845 enthymemata
851 2804 903 2835 ex
919 2791 1210 2846 pugnantibus
1231 2793 1464 2849 (948—-55,
1484 2795 1615 2839 Anax.
1628 2798 1681 2840 38
