1910 3154
937 111 990 152 32

202 222 303 276 pulo
333 222 573 265 dissideant
604 222 657 265 de
688 235 769 267 usu
798 222 1101 269 vocabulorum
1132 237 1241 281 quae
1271 226 1370 271 huic
1399 226 1514 281 parti
1544 224 1720 281 propria

200 300 314 350 sunt,
344 296 431 338 iam
461 298 561 338 ante
591 294 876 349 significatum
907 301 986 340 est.

316 368 454 410 Voces
485 367 605 420 εἰκός,
636 368 845 423 τεκμήριον
877 369 1127 423 saepissime
1149 369 1262 424 apud
1285 369 1535 424 Euripidem
1566 368 1717 414 obviae

201 444 313 485 sunt.
375 439 738 495 Significationem
767 440 926 494 habes,
959 455 1069 496 quae
1100 441 1378 497 proculdubio
1411 455 1462 486 ex
1494 447 1588 487 arte
1619 456 1717 498 pro-

201 515 317 556 venit
361 514 404 556 in
453 512 692 568 fragmento
746 514 975 558 Phoenicis
1022 514 1093 558 frt.
1128 519 1211 559 808
1251 515 1408 572 τάφανῆ
1452 516 1717 573 τεκμηρίοισιν

199 588 362 635 εἰκότως
393 587 616 629 &Monetam
648 588 760 642 quod
790 587 905 631 idem
935 588 995 631 sic
1027 587 1152 632 effert
1183 589 1226 632 in
1251 588 1467 632 Oenomao
1499 588 1599 644 frgt.
1634 592 1716 633 578

198 661 518 717 τεκμαιρόμεσθα
547 662 626 707 τοῖς
656 663 826 715 παροῦσι
864 661 1035 717 τάφανῆ.
1099 660 1422 705 Dubitationem
1450 662 1567 705 tollit
1597 662 1717 706 locus

200 735 352 778 similis
387 734 545 777 allatus
577 746 628 776 ex
648 733 890 788 Hyperide:
924 733 950 775 ἃ
981 730 1010 775 δ’
1048 731 1150 775 ἐστὶν
1182 733 1317 791 ἀφανῆ
1350 732 1502 790 ἀνάγκη
1532 731 1623 782 τοὺς
1655 735 1717 776 δι-

200 806 417 853 δάσκοντας
447 805 672 866 τεκμηρίοις
701 804 768 846 καὶ
797 806 877 852 τοῖς
911 806 1034 847 εἰκόσι
1065 807 1191 862 ζητεῖν
1225 807 1317 861 (Or.
1348 807 1438 849 Att.
1471 810 1509 859 2,
1541 807 1612 850 frt.
1632 811 1715 851 228

199 880 351 924 Nauck
381 880 528 934 Eurip.
564 883 601 935 3,
633 892 672 934 p.
708 882 804 934 226,
838 879 890 922 ed
923 878 1117 935 Teubn.)‚
1150 878 1201 923 cf.
1235 892 1366 935 supra
1395 894 1435 935 p.
1470 885 1507 926 7.

315 953 471 996 Cetera
502 953 640 995 minus
682 956 822 995 certa:
865 952 1006 995 omnia
1047 956 1214 1005 tamen,
1257 966 1365 1007 quae
1405 954 1448 997 in
1493 967 1716 999 numerum

196 1028 340 1071 venire
393 1027 640 1078 videantur,
682 1038 766 1068 uno
813 1024 890 1069 sub
952 1029 1181 1080 conspectu
1223 1039 1390 1080 ponam.
1465 1027 1556 1071 Iam
1602 1028 1715 1082 apud

198 1100 502 1142 Anaximenem
532 1098 691 1151 triplex
730 1101 797 1140 est
826 1101 902 1138 τῶν
935 1098 1095 1139 εἰκότων
1128 1111 1283 1155 genus:
1326 1099 1492 1143 scilicet
1522 1100 1714 1145 homines

198 1175 332 1227 agunt
362 1171 592 1214 secundum
631 1169 833 1222 affectus,
877 1171 1108 1214 secundum
1151 1172 1499 1215 consuetudinem
1529 1173 1596 1216 vel
1625 1186 1714 1216 mo-

196 1258 301 1298 rem,
335 1244 566 1288 secundum
597 1244 760 1287 lucrum
792 1244 846 1298 (c.
881 1244 939 1298 8).
1000 1244 1032 1286 I.
1069 1243 1333 1288 Affectus
1363 1248 1447 1292 πῶς
1480 1246 1514 1286 δ’
1546 1245 1617 1287 οὐκ
1648 1245 1713 1288 ὑπ’

196 1318 319 1374 αὐτῆς
351 1318 511 1364 εἰκότως
544 1303 788 1372 μισήσομαι.ι
836 1316 925 1358 Ion.
959 1319 1055 1371 611,
1085 1316 1130 1358 in
1160 1315 1426 1370 probatione.
1487 1317 1600 1361 Med.
1632 1321 1712 1362 345

196 1390 417 1447 (probat).
464 1393 542 1433 871
579 1390 790 1445 (proem.).
849 1388 882 1431 I.
924 1389 973 1431 A.
1007 1389 1086 1432 501
1122 1388 1330 1446 (epilog.).
1391 1390 1445 1433 ΙΙ.
1478 1390 1607 1435 Mos.
1640 1391 1712 1435 Or.

197 1468 279 1508 532
311 1462 401 1519 οὐχὶ
432 1461 526 1519 πρὸς
557 1462 665 1503 τοῦδ’
695 1459 798 1508 εἰκὸς
829 1461 876 1517 ἦν
909 1460 1030 1517 αὐτὴν
1063 1462 1191 1503 θανεῖν
1209 1461 1427 1519 (probam).
1488 1463 1615 1518 Hipp.
1630 1467 1715 1507 434

195 1539 295 1578 θεῶν
337 1537 523 1577 διδόντων
556 1533 660 1582 εἰκὸς
691 1532 968 1590 ἐξαμαρτάνειν
1001 1534 1061 1588 (in
1086 1534 1227 1577 media
1243 1534 1456 1591 oratione)
1482 1536 1715 1590 repetitum

195 1624 247 1655 ex
277 1614 360 1654 615
393 1607 681 1666 (monostich.)
725 1621 787 1651 or.
829 1611 911 1650 737
945 1607 1247 1665 (monostich).
1291 1608 1323 1651 I.
1357 1608 1403 1651 T.
1436 1612 1515 1652 911
1558 1596 1713 1666 (dial).

195 1683 340 1738 Suppl.
374 1686 429 1725 40
461 1682 512 1739 (s.
545 1681 573 1723 f.
615 1679 816 1737 prologi).
863 1680 894 1722 Ι.
928 1681 976 1722 A.
1014 1683 1124 1723 1400
1169 1680 1380 1735 (proem.).
1443 1680 1602 1724 Temen
1642 1680 1712 1724 frt.
1783 1694 1787 1697 ²

195 1759 292 1799 729.
353 1754 429 1797 III.
463 1754 654 1796 Tertium
684 1752 764 1795 hoc
795 1765 929 1806 genus
960 1752 1111 1795 deesse
1140 1751 1323 1795 videtur.

310 1826 430 1869 Haec
447 1824 537 1868 fere
570 1824 712 1867 omnia
745 1823 799 1867 ad
816 1822 1112 1877 quotidianum
1143 1824 1312 1878 linguae
1343 1836 1465 1868 usum
1487 1823 1715 1869 referenda

192 1898 404 1943 videntur.

308 1971 481 2028 Σημεῖον
524 1970 638 2025 apud
669 1968 976 2012 Anaximenem
1016 1971 1084 2012 est
1115 1968 1282 2023 signum
1313 1970 1437 2024 quasi
1468 1969 1715 2014 adiunctum

192 2046 279 2089 rei:
320 2045 365 2086 τό
406 2044 442 2099 γ’
488 2041 705 2099 εἰθισμένον
753 2040 930 2096 γίνεσθαι
967 2039 1042 2097 πρὸ
1085 2043 1154 2082 τοῦ
1195 2039 1425 2098 πράγματος
1467 2044 1494 2098 ἢ
1536 2041 1620 2098 ἅμα
1658 2045 1715 2099 τῷ

191 2117 392 2174 πράγματι
435 2117 461 2172 ἤ
508 2113 606 2172 μετὰ
634 2113 677 2156 τὸ
708 2116 872 2170 πρᾶγμα
915 2115 970 2170 (c.
1008 2117 1078 2166 13,
1116 2113 1171 2169 1).
1246 2114 1369 2158 Talia
1408 2118 1633 2159 sumuntur
1676 2114 1715 2161 ἐξ

191 2189 359 2232 ἑκάστου
390 2193 467 2231 τῶν
499 2187 785 2244 πεπραγμένων
827 2184 894 2226 καὶ
924 2185 1149 2241 λεγομένων
1192 2185 1258 2227 καὶ
1302 2187 1528 2244 ὁρωμένων.
1591 2186 1716 2242 Apud

191 2263 469 2307 Aristotelem
504 2274 637 2316 genus
671 2264 737 2303 est
769 2259 911 2313 specie
954 2259 1060 2302 duas
1092 2260 1378 2313 complectens
1407 2265 1556 2315 partes
1586 2272 1716 2304 unum

190 2336 485 2380 necessarium
516 2334 628 2388 quod
669 2338 737 2376 est
766 2332 1000 2386 τεκμήριον,
1046 2332 1229 2375 alterum
1271 2345 1354 2375 non
1393 2332 1524 2377 habet
1563 2345 1716 2377 nomen

189 2410 436 2465 proprium,
481 2408 628 2461 itaque
673 2405 831 2448 dicitur
875 2405 1037 2460 σημεῖον
1081 2402 1195 2445 λυτὸν
1239 2402 1282 2446 δὲ
1324 2406 1391 2449 vel
1437 2406 1603 2461 signum
1631 2418 1715 2450 non

189 2483 481 2527 necessarium
530 2480 628 2536 (Rh.
665 2484 700 2530 l,
735 2482 774 2533 2,
810 2482 873 2529 17,
911 2478 995 2531 18).
1058 2478 1181 2531 Apud
1227 2479 1529 2523 Anaximenem
1569 2480 1715 2534 τεκμή-

189 2570 269 2611 ριον
303 2559 371 2597 est
402 2552 647 2596 conclusum
679 2563 730 2593 ex
762 2548 1002 2599 contrario,
1049 2561 1143 2591 cum
1182 2549 1312 2593 verba
1357 2553 1431 2593 aut
1472 2549 1589 2593 facta
1634 2548 1717 2593 sibi

186 2630 283 2684 ipsa
317 2632 393 2671 aut
423 2628 539 2670 inter
571 2637 617 2667 se
649 2628 907 2678 repugnant.
969 2622 1071 2664 Plus
1113 2622 1227 2665 valet
1267 2623 1381 2676 apud
1412 2622 1718 2666 Anaximenem

186 2701 230 2745 τὸ
263 2700 425 2758 σημεῖον
462 2699 517 2756 (c.
556 2701 620 2752 10,
653 2697 705 2740 cf.
739 2709 773 2761 c.
811 2699 875 2739 15.
909 2695 931 2751 ξ
963 2695 1022 2751 4).
1066 2721 1118 2726 -
1152 2695 1388 2740 Coniuncta
1427 2694 1561 2740 habes
1603 2696 1717 2752 apud

186 2775 521 2819 Demosthenem
564 2771 721 2814 Conon.
765 2769 787 2824 ξ
820 2772 844 2811 9
886 2781 926 2822 p.
964 2771 1073 2811 1259
1114 2773 1184 2824 τῆς
1230 2767 1382 2825 ὕβρεως
1421 2801 1429 2809 .
1466 2801 1475 2810 .
1509 2802 1517 2810 .
1552 2770 1714 2825 σημεῖον

188 2846 256 2891 καὶ
287 2850 511 2903 τεκμῆριον.
