1910 3154
918 57 940 95 5

280 169 369 214 Nec
408 171 724 225 praescriptum
775 169 944 213 modum
986 169 1192 213 excedere
1242 168 1505 222 prooemium
1558 166 1688 209 debet

164 245 313 299 (Isocr.
335 245 515 287 Panath.
549 245 678 300 §33).
742 244 898 287 Orator
930 243 1132 287 brevitati
1164 246 1207 287 et
1239 242 1508 296 simplicitati
1539 240 1687 284 studet

162 317 306 372 (ταῦτα
348 318 549 373 συντόμως
590 316 655 358 καὶ
691 318 850 373 ἀφελῶς
895 317 1088 363 διανοίαις
1117 333 1157 357 τε
1188 317 1380 372 χρησταῖς
1411 313 1477 356 καὶ
1510 315 1685 369 γνώμαις

162 388 357 446 εὐκαίροις
397 389 462 432 καὶ
505 391 754 447 ἐνθυμήμασι
798 390 967 447 μετρίοις
1010 390 1234 446 περιλαβὼν
1277 387 1339 430 ἐπὶ
1386 388 1454 444 τὴν
1501 388 1682 443 πρόθεσιν

162 461 358 517 ἐπείγεται
390 463 562 518 Dionys.
595 477 634 517 p.
672 463 785 518 194).

277 536 410 579 Porro
441 537 700 580 Aristoteles
742 537 796 579 ad
840 535 1094 579 firmandum
1134 539 1412 589 praeceptum
1447 535 1499 577 de
1530 547 1681 588 prooe-

160 608 256 651 miis
296 608 339 650 in
384 621 539 663 genere
572 609 907 652 demonstrativo
951 608 1145 661 exempla
1191 608 1302 661 petit
1347 621 1371 649 a
1403 607 1568 662 Gorgia
1610 607 1681 660 qui

160 681 421 737 laudatione,
456 682 508 725 ab
539 683 732 726 Isocrate
765 683 837 736 qui
867 681 1199 736 reprehensione
1231 684 1390 724 utatur.

278 755 419 798 Semel
458 756 573 799 idem
605 756 789 812 Gorgias
827 756 871 797 in
904 755 1053 798 eodeni
1095 767 1249 809 genere
1280 754 1544 807 prooemium
1576 754 1679 795 omi-

162 830 240 872 sit:
280 832 347 871 est
377 829 450 872 ubi
480 829 632 883 Lysias
665 834 739 871 aut
771 828 963 871 omiserit
1003 832 1076 870 aut
1108 841 1133 870 a
1164 828 1255 870 sola
1286 827 1478 880 prothesi
1507 827 1677 880 incepe—

159 902 218 945 rit
260 902 349 959 (Ar.
382 902 507 945 Rhet.
552 906 590 955 3,
627 905 691 955 14,
724 901 898 955 Dionys.
930 913 970 954 p.
1008 904 1101 952 194,
1132 900 1371 942 Volkmann
1406 903 1517 948 145).

714 1027 790 1075 De
825 1026 1132 1076 Narratione.

275 1126 468 1169 Alterum
508 1126 645 1168 locum
687 1129 806 1168 tenet
837 1125 1041 1168 Narratio
1084 1124 1282 1181 (δεύτερον
1322 1124 1364 1165 δὲ
1405 1125 1453 1180 δὴ
1496 1124 1676 1180 διήγησίν

157 1214 242 1239 τινα
285 1199 346 1242 Pl.
378 1198 535 1241 Phaed.
569 1201 664 1240 266.
696 1198 782 1252 Π).
845 1198 961 1241 Satis
1002 1198 1274 1254 negligenter
1311 1199 1387 1240 illa
1428 1212 1453 1240 a
1497 1198 1676 1241 Platone

157 1272 377 1314 nominata
419 1275 498 1314 est.
560 1271 752 1327 Negligit
796 1284 961 1325 quoque
1003 1271 1121 1325 prior
1162 1276 1335 1326 auctor,
1379 1285 1504 1326 quem
1546 1285 1677 1326 supra

157 1344 449 1395 laudavimus,
493 1344 535 1385 in
569 1344 856 1386 enumerando
889 1344 1140 1386 divisionem
1171 1357 1196 1386 a
1229 1344 1390 1387 Corace
1419 1345 1676 1396 institutam,

158 1428 413 1470 quamquam
468 1416 648 1458 nominis
705 1416 965 1458 mentionem
1020 1415 1184 1458 fecerat
1244 1416 1508 1470 (Doxopater
1551 1416 1676 1471 λέγειν

157 1490 212 1536 ὡς
253 1489 291 1530 ἐν
341 1489 524 1544 διηγήσει
566 1489 645 1530 Rh.
686 1488 758 1530 Gr.
791 1488 862 1542 VI,
897 1489 980 1543 13).
1054 1489 1175 1530 Hanc
1215 1493 1383 1542 partem
1423 1489 1678 1532 Aristoteles

156 1562 247 1604 vult
277 1563 475 1604 omittere
505 1561 550 1603 in
588 1560 869 1604 deliberativo
902 1573 1058 1615 genere
1091 1561 1188 1615 (Rh.
1224 1565 1262 1616 3,
1298 1565 1362 1614 16,
1399 1563 1482 1618 11).
1546 1564 1600 1605 At
1632 1563 1675 1605 in

156 1633 307 1677 eodem
338 1646 494 1687 genere
535 1646 629 1675 eam
667 1636 787 1675 tenet
815 1634 1124 1675 Anaximenes:
1164 1646 1241 1676 nec
1285 1634 1322 1676 is
1364 1638 1481 1677 tenet
1527 1635 1674 1677 modo:

157 1707 399 1749 accuratior
441 1711 485 1749 et
527 1706 739 1759 copiosior
781 1709 847 1748 est
890 1709 1065 1758 praeter
1096 1706 1445 1749 consuetudinem
1475 1707 1519 1748 in
1547 1720 1675 1761 prae-

155 1779 292 1832 ceptis
325 1779 476 1821 dandis
508 1779 585 1833 (cc.
621 1781 687 1832 31,
722 1777 806 1831 32).
871 1776 1032 1827 Quibus
1074 1790 1125 1819 ex
1163 1778 1333 1820 indiciis
1375 1779 1466 1821 iure
1500 1780 1675 1833 colligas

153 1852 237 1894 iam
282 1852 392 1905 apud
440 1850 760 1904 antiquissimos
797 1850 1029 1903 scriptores
1074 1850 1126 1892 de
1172 1851 1252 1893 hac
1293 1855 1418 1904 parte
1460 1856 1672 1895 certatum

156 1938 276 1977 esse3
310 1937 406 1979 eos,
440 1923 592 1977 quibus
624 1924 665 1964 in
698 1922 933 1965 subsidium
965 1923 1221 1966 Aristoteles
1252 1924 1448 1977 accessit,
1483 1926 1673 1978 superio-

153 2011 223 2041 res
254 1997 519 2051 discessisse,
550 1999 697 2039 notum
729 1998 806 2038 est.

269 2069 483 2111 Theodori
526 2068 638 2110 illius
681 2068 767 2120 (τοῦ
800 2067 1109 2121 λογοὸαιὸάλου)
1158 2070 1304 2112 schola
1350 2070 1432 2112 duo
1476 2072 1674 2123 procudit

152 2156 260 2186 nova
291 2143 474 2196 nomina,
508 2155 532 2184 a
566 2141 743 2183 Platone
783 2142 1113 2196 praetermissa,
1157 2155 1266 2196 quae
1298 2143 1555 2186 Aristoteles
1586 2156 1674 2186 me-

152 2221 292 2259 morat
323 2219 367 2258 et
397 2215 583 2269 Spernit:
617 2214 908 2269 (προδιήγησις,
941 2214 1190 2270 ἐπιδιήγησις
1223 2216 1299 2258 Rh.
1329 2221 1366 2271 3,
1404 2221 1467 2271 13,
1503 2216 1572 2273 5):
1605 2218 1673 2259 Vix

152 2289 264 2332 enim
296 2301 346 2331 ea
378 2287 538 2341 aliquid
569 2286 667 2328 novi
699 2286 903 2329 denotare
934 2287 1083 2329 videri.
1148 2289 1342 2331 Seriores
1374 2294 1519 2332 tamen
1549 2291 1673 2343 plura

150 2362 203 2405 de
234 2362 313 2404 hac
343 2364 467 2415 parte
500 2360 691 2402 studiose
723 2359 1016 2415 congerebant
1050 2361 1252 2415 (Spengel
1272 2364 1318 2403 A.
1344 2362 1383 2405 S.
1413 2366 1505 2412 100,
1539 2363 1670 2406 Volk-

151 2447 275 2478 mann
313 2434 427 2489 151).
488 2431 847 2488 Παραὸιηγεῖσθαι,
881 2434 1048 2476 scilicet
1073 2434 1233 2488 aliquid
1265 2435 1378 2478 inter
1409 2436 1672 2479 narrandum

149 2509 331 2560 inicere,
381 2505 625 2558 adhibendo
663 2507 755 2560 ipse
788 2507 1045 2555 Aristoteles
1086 2508 1348 2562 comprobat.
1409 2509 1534 2552 Prius
1565 2511 1670 2553 illud

148 2580 408 2637 προδιήγησις
447 2582 596 2622 narrat
636 2590 707 2622 res
749 2582 848 2622 ante
890 2580 1108 2635 negotium
1150 2581 1201 2624 de
1234 2594 1316 2635 quo
1349 2582 1496 2638 agitur
1526 2586 1671 2637 gestas

149 2658 193 2697 et
233 2652 480 2707 praesentia
525 2664 620 2694 cum
664 2653 914 2705 praeteritis
957 2654 1092 2697 nectit
1124 2654 1381 2708 (Volkmann
1414 2656 1439 2698 l.
1474 2656 1542 2710 c.).
1605 2657 1669 2699 De

148 2727 284 2771 altero
327 2724 613 2777 Quintilianus
654 2726 714 2768 sic
755 2727 1023 2779 pronuntiat:
1084 2728 1188 2784 „Est
1234 2728 1445 2781 quaedam
1484 2729 1670 2783 repetita

147 2799 352 2852 narratio,
384 2810 492 2851 quae
512 2797 761 2853 ἐπιόιὴγησις
793 2798 963 2854 dicitur,
996 2813 1099 2843 sane
1122 2813 1194 2843 res
1218 2801 1527 2849 declamatoria
1559 2801 1666 2844 etc.“
