1910 3154
678 694 855 749 Index
899 694 1176 765 Capitum.

172 903 226 939 De
251 903 333 939 arte
360 903 575 948 antiquiore
608 931 1530 943 .................
1683 909 1699 943 1

171 950 389 986 Rhetorices
415 952 507 987 fines
568 978 1531 991 .................
1679 957 1700 990 2

170 998 300 1035 Partes
327 999 506 1036 orationis
569 1027 1530 1039 .................
1679 1005 1701 1039 2

171 1047 225 1082 De
250 1047 445 1083 Prooemio
508 1074 1525 1086 ..................
1679 1054 1701 1086 4

171 1094 224 1129 De
251 1094 478 1130 Narratione
506 1121 1529 1134 ..................
1678 1101 1698 1134 5

170 1141 224 1178 De
251 1141 477 1178 Probatione
505 1171 512 1178 .
565 1170 574 1179 .
599 1177 604 1181 .
624 1170 1529 1182 ................
1678 1148 1697 1182 7

170 1190 224 1226 De
251 1190 378 1236 Signis
434 1217 743 1227 ......
766 1209 768 1211 ’
799 1220 1527 1230 .............
1676 1197 1695 1229 7

168 1236 224 1273 De
251 1238 554 1283 Amplificatione
623 1268 1288 1278 ............
1319 1248 1322 1251 ’
1341 1270 1347 1277 .
1402 1270 1409 1277 .
1461 1269 1469 1277 .
1522 1269 1530 1277 .
1655 1244 1698 1278 10

170 1284 224 1321 De
250 1285 493 1322 Refutatione
565 1312 1530 1326 .................
1657 1291 1695 1325 11

168 1332 225 1368 De
252 1333 472 1380 Egressione
500 1361 1528 1374 ..................
1656 1340 1691 1373 11

169 1379 223 1417 De
250 1381 409 1426 Epilogo
452 1408 755 1419 ......
792 1408 813 1419 -.
865 1411 873 1420 .
925 1412 933 1419 .
986 1413 992 1421 .
1044 1413 1050 1420 .
1103 1413 1111 1420 .
1163 1412 1170 1420 .
1225 1412 1231 1420 .
1283 1413 1289 1420 .
1343 1413 1350 1421 .
1403 1413 1410 1421 .
1464 1407 1471 1420 .-
1524 1413 1532 1421 .
1658 1386 1700 1420 12

903 1491 957 1533 ΙΙ.

170 1555 366 1601 Euripides
393 1567 476 1591 cum
502 1557 725 1602 aequalibus
751 1562 988 1606 comparatus
1039 1588 1528 1597 .........
1657 1563 1698 1598 14

169 1603 367 1649 Euripides
394 1605 494 1649 apud
521 1605 744 1643 Rhetoricos
771 1607 978 1654 discipulus
1042 1636 1528 1645 .........
1653 1611 1699 1646 23

891 1712 968 1755 ΙΙΙ.

167 1785 375 1830 Praecepta
399 1786 502 1821 Artis
528 1785 629 1829 apud
654 1785 872 1831 Euripidem
923 1814 1528 1826 ...........
1654 1792 1699 1826 30

168 1832 365 1878 Euripides
391 1835 430 1868 et
454 1832 708 1868 Anaximenes
744 1860 1529 1873 ..............
1655 1839 1700 1873 38

170 1879 281 1916 Fines
305 1880 366 1916 vel
393 1880 522 1916 Partes
549 1879 740 1916 Suadendi
806 1908 1528 1921 .............
1653 1887 1699 1921 40

167 1927 314 1964 Tabula
339 1929 550 1964 orationum
578 1927 866 1973 Euripidearum
929 1958 1531 1970 ...........
1654 1936 1697 1969 41

168 1976 221 2012 De
247 1976 441 2012 Prooemio
505 2002 942 2016 .........
962 1988 965 1990 ·
984 2008 1528 2017 ..........
1653 1983 1699 2016 46

168 2024 220 2060 De
245 2024 473 2060 Narratione
510 2050 1530 2064 ..................
1653 2030 1698 2064 49

167 2071 222 2107 De
247 2072 474 2108 Probatione
502 2098 1526 2113 ..................
1654 2078 1698 2112 52

168 2119 220 2153 De
247 2119 406 2165 Epilogo
442 2147 449 2154 .
498 2137 500 2139 ·
501 2145 1526 2160 ..................
1653 2127 1697 2159 ‹55›
