<?xml version="1.0" encoding="UTF-8"?>
<!DOCTYPE html PUBLIC "-//W3C//DTD XHTML 1.0 Transitional//EN"
    "http://www.w3.org/TR/xhtml1/DTD/xhtml1-transitional.dtd">
<html xmlns="http://www.w3.org/1999/xhtml" xml:lang="en" lang="en">
 <head>
  <title>
</title>
<meta http-equiv="Content-Type" content="text/html;charset=utf-8" />
  <meta name='ocr-system' content='tesseract 3.04.00' />
  <meta name='ocr-capabilities' content='ocr_page ocr_carea ocr_par ocr_line ocrx_word'/>
</head>
<body>
  <div class='ocr_page' id='page_1' title='image "4627073_0040.png"; bbox 0 0 1910 3154; ppageno 0'>
   <div class='ocr_carea' id='block_1_1' title="bbox 921 107 973 146">
    <p class='ocr_par' dir='ltr' id='par_1_1' title="bbox 921 107 973 146">
     <span class='ocr_line' id='line_1_1' title="bbox 921 107 973 146; baseline 0 0"><span class='ocrx_word' id='word_1_1' title='bbox 921 107 973 146; x_wconf 85' lang='lat'>27</span> 
     </span>
    </p>
   </div>
   <div class='ocr_carea' id='block_1_2' title="bbox 193 218 1707 1299">
    <p class='ocr_par' dir='ltr' id='par_1_2' title="bbox 193 218 1705 851">
     <span class='ocr_line' id='line_1_2' title="bbox 194 218 1705 276; baseline -0.005 -13"><span class='ocrx_word' id='word_1_2' title='bbox 194 218 491 275; x_wconf 84' lang='lat' dir='ltr'>frequentatus</span> <span class='ocrx_word' id='word_1_3' title='bbox 522 220 575 264; x_wconf 90' lang='lat' dir='ltr'>de</span> <span class='ocrx_word' id='word_1_4' title='bbox 597 219 918 276; x_wconf 89' lang='lat' dir='ltr'>quaestionibus</span> <span class='ocrx_word' id='word_1_5' title='bbox 948 219 1124 264; x_wconf 92' lang='lat' dir='ltr'>infinitis</span> <span class='ocrx_word' id='word_1_6' title='bbox 1148 219 1397 274; x_wconf 89' lang='lat' dir='ltr'>disputandi</span> <span class='ocrx_word' id='word_1_7' title='bbox 1427 219 1599 275; x_wconf 87' lang='grc' dir='ltr'>(πρῶτος</span> <span class='ocrx_word' id='word_1_8' title='bbox 1629 218 1705 256; x_wconf 74' lang='grc' dir='ltr'>κα-</span> 
     </span>
     <span class='ocr_line' id='line_1_3' title="bbox 194 290 1701 352; baseline -0.002 -17"><span class='ocrx_word' id='word_1_9' title='bbox 194 292 343 347; x_wconf 84' lang='grc' dir='ltr'>τέδειξε</span> <span class='ocrx_word' id='word_1_10' title='bbox 372 291 441 341; x_wconf 85' lang='grc' dir='ltr'>τὰς</span> <span class='ocrx_word' id='word_1_11' title='bbox 470 292 565 351; x_wconf 84' lang='grc' dir='ltr'>πρὸς</span> <span class='ocrx_word' id='word_1_12' title='bbox 596 294 722 342; x_wconf 85' lang='grc' dir='ltr'>θέσεις</span> <span class='ocrx_word' id='word_1_13' title='bbox 753 294 1018 352; x_wconf 76' lang='grc' dir='ltr'>ἐπιχειρήσεις</span> <span class='ocrx_word' id='word_1_14' title='bbox 1049 293 1170 348; x_wconf 85' lang='lat' dir='ltr'>Diog.</span> <span class='ocrx_word' id='word_1_15' title='bbox 1201 293 1248 336; x_wconf 92' lang='lat' dir='ltr'>L.</span> <span class='ocrx_word' id='word_1_16' title='bbox 1283 297 1329 348; x_wconf 87' lang='lat'>9,</span> <span class='ocrx_word' id='word_1_17' title='bbox 1361 305 1394 336; x_wconf 89' lang='lat' dir='ltr'>c.</span> <span class='ocrx_word' id='word_1_18' title='bbox 1429 295 1495 344; x_wconf 87' lang='lat'>53,</span> <span class='ocrx_word' id='word_1_19' title='bbox 1528 291 1581 334; x_wconf 83' lang='lat' dir='ltr'>cf.</span> <span class='ocrx_word' id='word_1_20' title='bbox 1616 290 1701 334; x_wconf 84' lang='lat' dir='ltr'>Cic.</span> 
     </span>
     <span class='ocr_line' id='line_1_4' title="bbox 193 363 1703 424; baseline -0.003 -14"><span class='ocrx_word' id='word_1_21' title='bbox 193 366 249 410; x_wconf 87' lang='lat' dir='ltr'>ad</span> <span class='ocrx_word' id='word_1_22' title='bbox 279 367 367 420; x_wconf 89' lang='lat' dir='ltr'>Att.</span> <span class='ocrx_word' id='word_1_23' title='bbox 406 371 444 422; x_wconf 90' lang='lat'>9,</span> <span class='ocrx_word' id='word_1_24' title='bbox 477 371 515 410; x_wconf 88' lang='grc'>4.</span> <span class='ocrx_word' id='word_1_25' title='bbox 577 368 717 420; x_wconf 82' lang='lat' dir='ltr'><strong>Quint.</strong></span> <span class='ocrx_word' id='word_1_26' title='bbox 753 371 791 423; x_wconf 98' lang='lat'>3,</span> <span class='ocrx_word' id='word_1_27' title='bbox 825 372 861 421; x_wconf 85' lang='lat'>5,</span> <span class='ocrx_word' id='word_1_28' title='bbox 896 366 954 424; x_wconf 91' lang='lat'>5).</span> <span class='ocrx_word' id='word_1_29' title='bbox 1027 367 1231 421; x_wconf 84' lang='lat' dir='ltr'>Exempla</span> <span class='ocrx_word' id='word_1_30' title='bbox 1269 365 1403 410; x_wconf 89' lang='lat' dir='ltr'>habes</span> <span class='ocrx_word' id='word_1_31' title='bbox 1435 364 1549 419; x_wconf 91' lang='lat' dir='ltr'>apud</span> <span class='ocrx_word' id='word_1_32' title='bbox 1580 363 1703 407; x_wconf 90' lang='lat' dir='ltr'>Euri-</span> 
     </span>
     <span class='ocr_line' id='line_1_5' title="bbox 193 438 1704 496; baseline -0.002 -14"><span class='ocrx_word' id='word_1_33' title='bbox 193 439 359 494; x_wconf 84' lang='lat' dir='ltr'><strong>pidem:</strong></span> <span class='ocrx_word' id='word_1_34' title='bbox 401 440 444 483; x_wconf 93' lang='lat' dir='ltr'>in</span> <span class='ocrx_word' id='word_1_35' title='bbox 486 441 628 496; x_wconf 86' lang='lat' dir='ltr'>Suppl.</span> <span class='ocrx_word' id='word_1_36' title='bbox 661 445 743 484; x_wconf 88' lang='lat'>409</span> <span class='ocrx_word' id='word_1_37' title='bbox 776 454 837 496; x_wconf 90' lang='lat' dir='ltr'>sq.</span> <span class='ocrx_word' id='word_1_38' title='bbox 869 441 961 496; x_wconf 89' lang='lat' dir='ltr'>ubi,</span> <span class='ocrx_word' id='word_1_39' title='bbox 1005 440 1150 483; x_wconf 85' lang='lat' dir='ltr'>dilatis</span> <span class='ocrx_word' id='word_1_40' title='bbox 1190 440 1395 493; x_wconf 88' lang='lat' dir='ltr'>negotiis,</span> <span class='ocrx_word' id='word_1_41' title='bbox 1444 438 1616 481; x_wconf 87' lang='lat' dir='ltr'>nuntius</span> <span class='ocrx_word' id='word_1_42' title='bbox 1660 439 1704 479; x_wconf 91' lang='lat' dir='ltr'>et</span> 
     </span>
     <span class='ocr_line' id='line_1_6' title="bbox 194 511 1704 574; baseline -0.002 -19"><span class='ocrx_word' id='word_1_43' title='bbox 194 512 384 574; x_wconf 87' lang='lat' dir='ltr'>Theseus</span> <span class='ocrx_word' id='word_1_44' title='bbox 415 514 468 558; x_wconf 89' lang='lat' dir='ltr'>de</span> <span class='ocrx_word' id='word_1_45' title='bbox 499 514 657 569; x_wconf 91' lang='lat' dir='ltr'>optimo</span> <span class='ocrx_word' id='word_1_46' title='bbox 699 514 961 569; x_wconf 90' lang='lat' dir='ltr'>reipublicae</span> <span class='ocrx_word' id='word_1_47' title='bbox 993 517 1110 557; x_wconf 89' lang='lat' dir='ltr'>statu</span> <span class='ocrx_word' id='word_1_48' title='bbox 1141 513 1374 567; x_wconf 90' lang='lat' dir='ltr'>disputant.</span> <span class='ocrx_word' id='word_1_49' title='bbox 1435 511 1529 553; x_wconf 91' lang='lat' dir='ltr'>Non</span> <span class='ocrx_word' id='word_1_50' title='bbox 1559 514 1704 553; x_wconf 89' lang='lat' dir='ltr'>tamen</span> 
     </span>
     <span class='ocr_line' id='line_1_7' title="bbox 194 585 1704 643; baseline -0.004 -13"><span class='ocrx_word' id='word_1_51' title='bbox 194 585 350 641; x_wconf 89' lang='lat' dir='ltr'>ubique</span> <span class='ocrx_word' id='word_1_52' title='bbox 398 588 510 642; x_wconf 90' lang='lat' dir='ltr'>apud</span> <span class='ocrx_word' id='word_1_53' title='bbox 550 600 645 631; x_wconf 90' lang='lat' dir='ltr'>eum</span> <span class='ocrx_word' id='word_1_54' title='bbox 691 588 965 643; x_wconf 82' lang='lat' dir='ltr'>quaestiones</span> <span class='ocrx_word' id='word_1_55' title='bbox 1001 599 1085 630; x_wconf 90' lang='lat' dir='ltr'>-eae</span> <span class='ocrx_word' id='word_1_56' title='bbox 1136 586 1190 629; x_wconf 87' lang='lat' dir='ltr'>ab</span> <span class='ocrx_word' id='word_1_57' title='bbox 1236 587 1289 629; x_wconf 93' lang='lat' dir='ltr'>iis</span> <span class='ocrx_word' id='word_1_58' title='bbox 1333 597 1440 640; x_wconf 91' lang='lat' dir='ltr'>quae</span> <span class='ocrx_word' id='word_1_59' title='bbox 1470 585 1514 626; x_wconf 94' lang='lat' dir='ltr'>in</span> <span class='ocrx_word' id='word_1_60' title='bbox 1545 594 1704 626; x_wconf 82' lang='lat' dir='ltr'>scaena</span> 
     </span>
     <span class='ocr_line' id='line_1_8' title="bbox 195 657 1704 715; baseline -0.003 -13"><span class='ocrx_word' id='word_1_61' title='bbox 195 662 399 715; x_wconf 86' lang='lat' dir='ltr'>aguntur,</span> <span class='ocrx_word' id='word_1_62' title='bbox 443 660 737 705; x_wconf 89' lang='lat' dir='ltr'>dissociandae</span> <span class='ocrx_word' id='word_1_63' title='bbox 778 664 898 704; x_wconf 86' lang='lat' dir='ltr'>sunt:</span> <span class='ocrx_word' id='word_1_64' title='bbox 942 664 989 704; x_wconf 94' lang='lat' dir='ltr'>ut</span> <span class='ocrx_word' id='word_1_65' title='bbox 1033 661 1075 703; x_wconf 91' lang='lat' dir='ltr'>in</span> <span class='ocrx_word' id='word_1_66' title='bbox 1107 659 1370 703; x_wconf 89' lang='lat' dir='ltr'>orationibus</span> <span class='ocrx_word' id='word_1_67' title='bbox 1404 657 1627 702; x_wconf 83' lang='lat' dir='ltr'>Phaedrae</span> <span class='ocrx_word' id='word_1_68' title='bbox 1659 659 1704 698; x_wconf 90' lang='lat' dir='ltr'>et</span> 
     </span>
     <span class='ocr_line' id='line_1_9' title="bbox 195 732 1704 796; baseline -0.002 -22"><span class='ocrx_word' id='word_1_69' title='bbox 195 732 373 776; x_wconf 90' lang='lat' dir='ltr'>nutricis</span> <span class='ocrx_word' id='word_1_70' title='bbox 404 733 591 788; x_wconf 91' lang='lat' dir='ltr'>(Hippol.</span> <span class='ocrx_word' id='word_1_71' title='bbox 624 737 705 777; x_wconf 89' lang='lat'>407</span> <span class='ocrx_word' id='word_1_72' title='bbox 738 734 849 789; x_wconf 90' lang='lat' dir='ltr'>sqq.)</span> <span class='ocrx_word' id='word_1_73' title='bbox 862 768 881 796; x_wconf 36' lang='grc'>,.</span> <span class='ocrx_word' id='word_1_74' title='bbox 917 733 991 777; x_wconf 91' lang='lat' dir='ltr'>ubi</span> <span class='ocrx_word' id='word_1_75' title='bbox 1021 734 1095 777; x_wconf 90' lang='lat' dir='ltr'>illa</span> <span class='ocrx_word' id='word_1_76' title='bbox 1126 733 1179 776; x_wconf 92' lang='lat' dir='ltr'>de</span> <span class='ocrx_word' id='word_1_77' title='bbox 1211 733 1436 785; x_wconf 89' lang='lat' dir='ltr'>castitate,</span> <span class='ocrx_word' id='word_1_78' title='bbox 1481 732 1587 774; x_wconf 88' lang='lat' dir='ltr'>haec</span> <span class='ocrx_word' id='word_1_79' title='bbox 1627 741 1704 784; x_wconf 90' lang='lat' dir='ltr'>pro</span> 
     </span>
     <span class='ocr_line' id='line_1_10' title="bbox 198 806 490 851; baseline 0.007 -2"><span class='ocrx_word' id='word_1_80' title='bbox 198 817 343 850; x_wconf 88' lang='lat' dir='ltr'>amore</span> <span class='ocrx_word' id='word_1_81' title='bbox 374 806 490 851; x_wconf 92' lang='lat' dir='ltr'>dicit.</span> 
     </span>
    </p>

    <p class='ocr_par' dir='ltr' id='par_1_3' title="bbox 195 878 1707 1299">
     <span class='ocr_line' id='line_1_11' title="bbox 311 878 1705 933; baseline 0 -13"><span class='ocrx_word' id='word_1_82' title='bbox 311 878 378 922; x_wconf 92' lang='lat' dir='ltr'>Ab</span> <span class='ocrx_word' id='word_1_83' title='bbox 421 880 488 923; x_wconf 89' lang='lat' dir='ltr'>his</span> <span class='ocrx_word' id='word_1_84' title='bbox 526 880 683 923; x_wconf 83' lang='lat' dir='ltr'>diversi</span> <span class='ocrx_word' id='word_1_85' title='bbox 725 883 824 923; x_wconf 90' lang='lat' dir='ltr'>sunt</span> <span class='ocrx_word' id='word_1_86' title='bbox 853 878 1097 923; x_wconf 86' lang='lat' dir='ltr'>communes</span> <span class='ocrx_word' id='word_1_87' title='bbox 1141 880 1204 922; x_wconf 90' lang='lat' dir='ltr'>illi</span> <span class='ocrx_word' id='word_1_88' title='bbox 1244 880 1349 933; x_wconf 90' lang='lat' dir='ltr'>loci,</span> <span class='ocrx_word' id='word_1_89' title='bbox 1392 879 1556 922; x_wconf 85' lang='lat' dir='ltr'>scilicet</span> <span class='ocrx_word' id='word_1_90' title='bbox 1599 890 1705 931; x_wconf 91' lang='lat' dir='ltr'>quas</span> 
     </span>
     <span class='ocr_line' id='line_1_12' title="bbox 197 949 1705 1008; baseline -0.001 -13"><span class='ocrx_word' id='word_1_91' title='bbox 197 949 382 1008; x_wconf 84' lang='lat' dir='ltr'>Gorgias</span> <span class='ocrx_word' id='word_1_92' title='bbox 414 955 458 996; x_wconf 89' lang='lat' dir='ltr'>et</span> <span class='ocrx_word' id='word_1_93' title='bbox 487 951 747 1008; x_wconf 84' lang='lat' dir='ltr'>Protagoras</span> <span class='ocrx_word' id='word_1_94' title='bbox 786 952 1049 1008; x_wconf 89' lang='lat' dir='ltr'>scripserunt</span> <span class='ocrx_word' id='word_1_95' title='bbox 1079 964 1224 996; x_wconf 90' lang='lat' dir='ltr'>rerum</span> <span class='ocrx_word' id='word_1_96' title='bbox 1252 951 1482 995; x_wconf 79' lang='lat' dir='ltr'>illustrium</span> <span class='ocrx_word' id='word_1_97' title='bbox 1515 950 1705 1006; x_wconf 86' lang='lat' dir='ltr'>disputa-</span> 
     </span>
     <span class='ocr_line' id='line_1_13' title="bbox 196 1024 1704 1082; baseline -0.001 -15"><span class='ocrx_word' id='word_1_98' title='bbox 196 1025 335 1068; x_wconf 80' lang='lat' dir='ltr'>tiones</span> <span class='ocrx_word' id='word_1_99' title='bbox 367 1026 505 1081; x_wconf 88' lang='lat' dir='ltr'>(Brut.</span> <span class='ocrx_word' id='word_1_100' title='bbox 541 1030 616 1078; x_wconf 89' lang='lat'>12,</span> <span class='ocrx_word' id='word_1_101' title='bbox 648 1027 736 1080; x_wconf 89' lang='lat'>46).</span> <span class='ocrx_word' id='word_1_102' title='bbox 796 1027 1058 1082; x_wconf 87' lang='lat' dir='ltr'>Protagoras</span> <span class='ocrx_word' id='word_1_103' title='bbox 1101 1039 1267 1080; x_wconf 90' lang='lat' dir='ltr'>quoque</span> <span class='ocrx_word' id='word_1_104' title='bbox 1308 1027 1453 1069; x_wconf 91' lang='lat' dir='ltr'>docuit</span> <span class='ocrx_word' id='word_1_105' title='bbox 1493 1024 1555 1066; x_wconf 81' lang='grc' dir='ltr'>τὸν</span> <span class='ocrx_word' id='word_1_106' title='bbox 1589 1024 1704 1066; x_wconf 77' lang='grc' dir='ltr'>αὐτὸν</span> 
     </span>
     <span class='ocr_line' id='line_1_14' title="bbox 195 1090 1707 1155; baseline 0 -16"><span class='ocrx_word' id='word_1_107' title='bbox 195 1095 261 1139; x_wconf 74' lang='grc' dir='ltr'>καὶ</span> <span class='ocrx_word' id='word_1_108' title='bbox 308 1097 439 1155; x_wconf 78' lang='grc' dir='ltr'>ψέγειν</span> <span class='ocrx_word' id='word_1_109' title='bbox 481 1096 547 1140; x_wconf 82' lang='grc' dir='ltr'>καὶ</span> <span class='ocrx_word' id='word_1_110' title='bbox 584 1096 752 1141; x_wconf 79' lang='grc' dir='ltr'>ἐπαινεῖν</span> <span class='ocrx_word' id='word_1_111' title='bbox 798 1098 964 1154; x_wconf 81' lang='lat' dir='ltr'>(Steph.</span> <span class='ocrx_word' id='word_1_112' title='bbox 1007 1100 1182 1155; x_wconf 82' lang='lat' dir='ltr'>Byzant.</span> <span class='ocrx_word' id='word_1_113' title='bbox 1224 1111 1257 1142; x_wconf 87' lang='lat' dir='ltr'>S.</span> <span class='ocrx_word' id='word_1_114' title='bbox 1300 1112 1334 1141; x_wconf 90' lang='lat' dir='ltr'>v.</span> <span class='ocrx_word' id='word_1_115' title='bbox 1358 1090 1547 1155; x_wconf 79' lang='grc' dir='ltr'>Ἄβδηροι.</span> <span class='ocrx_word' id='word_1_116' title='bbox 1609 1097 1707 1140; x_wconf 87' lang='lat' dir='ltr'>Frei</span> 
     </span>
     <span class='ocr_line' id='line_1_15' title="bbox 198 1170 1705 1226; baseline -0.001 -12"><span class='ocrx_word' id='word_1_117' title='bbox 198 1184 238 1225; x_wconf 89' lang='lat' dir='ltr'>p.</span> <span class='ocrx_word' id='word_1_118' title='bbox 265 1172 380 1226; x_wconf 88' lang='lat'>143).</span> <span class='ocrx_word' id='word_1_119' title='bbox 440 1172 530 1215; x_wconf 88' lang='lat' dir='ltr'>Has</span> <span class='ocrx_word' id='word_1_120' title='bbox 562 1172 854 1216; x_wconf 89' lang='lat' dir='ltr'>oratiunculas</span> <span class='ocrx_word' id='word_1_121' title='bbox 886 1172 1106 1226; x_wconf 86' lang='lat' dir='ltr'>discipulis</span> <span class='ocrx_word' id='word_1_122' title='bbox 1138 1172 1391 1215; x_wconf 86' lang='lat' dir='ltr'>ediscendas</span> <span class='ocrx_word' id='word_1_123' title='bbox 1422 1170 1586 1214; x_wconf 88' lang='lat' dir='ltr'>dabant</span> <span class='ocrx_word' id='word_1_124' title='bbox 1617 1170 1705 1226; x_wconf 88' lang='lat' dir='ltr'>(Ar.</span> 
     </span>
     <span class='ocr_line' id='line_1_16' title="bbox 198 1243 1707 1299; baseline -0.001 -13"><span class='ocrx_word' id='word_1_125' title='bbox 198 1243 264 1287; x_wconf 91' lang='lat' dir='ltr'>El.</span> <span class='ocrx_word' id='word_1_126' title='bbox 297 1243 338 1287; x_wconf 81' lang='lat' dir='ltr'>S.</span> <span class='ocrx_word' id='word_1_127' title='bbox 373 1247 440 1299; x_wconf 87' lang='lat'>33,</span> <span class='ocrx_word' id='word_1_128' title='bbox 476 1244 572 1298; x_wconf 91' lang='lat'>16),</span> <span class='ocrx_word' id='word_1_129' title='bbox 620 1257 725 1299; x_wconf 88' lang='lat' dir='ltr'>quas</span> <span class='ocrx_word' id='word_1_130' title='bbox 765 1245 932 1288; x_wconf 91' lang='lat' dir='ltr'>scilicet</span> <span class='ocrx_word' id='word_1_131' title='bbox 962 1249 1036 1288; x_wconf 89' lang='lat' dir='ltr'>aut</span> <span class='ocrx_word' id='word_1_132' title='bbox 1075 1245 1346 1288; x_wconf 85' lang='lat' dir='ltr'>imitarentur</span> <span class='ocrx_word' id='word_1_133' title='bbox 1387 1248 1461 1288; x_wconf 92' lang='lat' dir='ltr'>aut</span> <span class='ocrx_word' id='word_1_134' title='bbox 1502 1243 1707 1287; x_wconf 91' lang='lat' dir='ltr'>memoria</span> 
     </span>
    </p>
   </div>
   <div class='ocr_carea' id='block_1_3' title="bbox 129 1316 1706 1362">
    <p class='ocr_par' dir='ltr' id='par_1_4' title="bbox 129 1316 1706 1362">
     <span class='ocr_line' id='line_1_17' title="bbox 129 1316 1706 1362; baseline -0.002 -1"><span class='ocrx_word' id='word_1_135' title='bbox 129 1327 131 1329; x_wconf 77' lang='grc'>’</span> <span class='ocrx_word' id='word_1_136' title='bbox 196 1317 368 1361; x_wconf 89' lang='lat' dir='ltr'>iuvante</span> <span class='ocrx_word' id='word_1_137' title='bbox 410 1317 466 1361; x_wconf 86' lang='lat' dir='ltr'>ad</span> <span class='ocrx_word' id='word_1_138' title='bbox 506 1321 749 1362; x_wconf 88' lang='lat' dir='ltr'>contextum</span> <span class='ocrx_word' id='word_1_139' title='bbox 790 1330 964 1362; x_wconf 90' lang='lat' dir='ltr'>suarum</span> <span class='ocrx_word' id='word_1_140' title='bbox 1002 1319 1240 1362; x_wconf 88' lang='lat' dir='ltr'>orationum</span> <span class='ocrx_word' id='word_1_141' title='bbox 1272 1318 1505 1361; x_wconf 90' lang='lat' dir='ltr'>ornandum</span> <span class='ocrx_word' id='word_1_142' title='bbox 1536 1316 1706 1360; x_wconf 86' lang='lat' dir='ltr'>inferci-</span> 
     </span>
    </p>
   </div>
   <div class='ocr_carea' id='block_1_4' title="bbox 196 1385 1713 2901">
    <p class='ocr_par' dir='ltr' id='par_1_5' title="bbox 196 1385 1708 2024">
     <span class='ocr_line' id='line_1_18' title="bbox 196 1385 1707 1447; baseline -0.001 -14"><span class='ocrx_word' id='word_1_143' title='bbox 196 1394 306 1433; x_wconf 88' lang='lat' dir='ltr'>rent.</span> <span class='ocrx_word' id='word_1_144' title='bbox 369 1390 491 1433; x_wconf 89' lang='lat' dir='ltr'>Unde</span> <span class='ocrx_word' id='word_1_145' title='bbox 522 1385 682 1444; x_wconf 89' lang='lat' dir='ltr'>quant&#39;a</span> <span class='ocrx_word' id='word_1_146' title='bbox 712 1390 827 1434; x_wconf 88' lang='lat' dir='ltr'>facta</span> <span class='ocrx_word' id='word_1_147' title='bbox 849 1391 905 1433; x_wconf 90' lang='lat' dir='ltr'>sit</span> <span class='ocrx_word' id='word_1_148' title='bbox 935 1391 990 1433; x_wconf 89' lang='lat' dir='ltr'>ad</span> <span class='ocrx_word' id='word_1_149' title='bbox 1021 1391 1324 1447; x_wconf 89' lang='lat' dir='ltr'>egrediendum</span> <span class='ocrx_word' id='word_1_150' title='bbox 1356 1391 1587 1442; x_wconf 87' lang='lat' dir='ltr'>allectatio,</span> <span class='ocrx_word' id='word_1_151' title='bbox 1619 1394 1707 1433; x_wconf 89' lang='lat' dir='ltr'>sta-</span> 
     </span>
     <span class='ocr_line' id='line_1_19' title="bbox 196 1462 1708 1518; baseline -0.001 -13"><span class='ocrx_word' id='word_1_152' title='bbox 196 1463 276 1507; x_wconf 91' lang='lat' dir='ltr'>tim</span> <span class='ocrx_word' id='word_1_153' title='bbox 305 1462 436 1506; x_wconf 88' lang='lat' dir='ltr'>vides.</span> <span class='ocrx_word' id='word_1_154' title='bbox 474 1463 555 1505; x_wconf 79' lang='lat' dir='ltr'>&#39;Et</span> <span class='ocrx_word' id='word_1_155' title='bbox 597 1462 650 1505; x_wconf 93' lang='lat' dir='ltr'>de</span> <span class='ocrx_word' id='word_1_156' title='bbox 695 1463 1012 1517; x_wconf 85' lang='lat' dir='ltr'>egressionibus</span> <span class='ocrx_word' id='word_1_157' title='bbox 1051 1464 1163 1518; x_wconf 89' lang='lat' dir='ltr'>apud</span> <span class='ocrx_word' id='word_1_158' title='bbox 1195 1463 1444 1518; x_wconf 85' lang='lat' dir='ltr'>Euripidem</span> <span class='ocrx_word' id='word_1_159' title='bbox 1483 1464 1569 1506; x_wconf 89' lang='lat' dir='ltr'>iam</span> <span class='ocrx_word' id='word_1_160' title='bbox 1600 1462 1708 1505; x_wconf 89' lang='lat' dir='ltr'>satis</span> 
     </span>
     <span class='ocr_line' id='line_1_20' title="bbox 198 1536 1705 1590; baseline 0 -13"><span class='ocrx_word' id='word_1_161' title='bbox 198 1536 359 1579; x_wconf 89' lang='lat' dir='ltr'>dictum</span> <span class='ocrx_word' id='word_1_162' title='bbox 401 1539 479 1578; x_wconf 91' lang='lat' dir='ltr'>est.</span> <span class='ocrx_word' id='word_1_163' title='bbox 551 1536 735 1579; x_wconf 88' lang='lat' dir='ltr'>Tantum</span> <span class='ocrx_word' id='word_1_164' title='bbox 773 1536 817 1578; x_wconf 93' lang='lat' dir='ltr'>id</span> <span class='ocrx_word' id='word_1_165' title='bbox 858 1540 1010 1579; x_wconf 92' lang='lat' dir='ltr'>notatu</span> <span class='ocrx_word' id='word_1_166' title='bbox 1054 1537 1225 1590; x_wconf 90' lang='lat' dir='ltr'>dignum</span> <span class='ocrx_word' id='word_1_167' title='bbox 1266 1537 1344 1579; x_wconf 92' lang='lat' dir='ltr'>hoc</span> <span class='ocrx_word' id='word_1_168' title='bbox 1389 1537 1481 1579; x_wconf 91' lang='lat' dir='ltr'>loco</span> <span class='ocrx_word' id='word_1_169' title='bbox 1524 1536 1705 1578; x_wconf 87' lang='lat' dir='ltr'>videtur.</span> 
     </span>
     <span class='ocr_line' id='line_1_21' title="bbox 198 1607 1707 1665; baseline -0.001 -14"><span class='ocrx_word' id='word_1_170' title='bbox 198 1607 332 1651; x_wconf 89' lang='lat' dir='ltr'>Poeta</span> <span class='ocrx_word' id='word_1_171' title='bbox 363 1608 489 1651; x_wconf 89' lang='lat' dir='ltr'>solito</span> <span class='ocrx_word' id='word_1_172' title='bbox 520 1608 689 1665; x_wconf 91' lang='lat' dir='ltr'>longius</span> <span class='ocrx_word' id='word_1_173' title='bbox 721 1609 908 1652; x_wconf 86' lang='lat' dir='ltr'>excurrit</span> <span class='ocrx_word' id='word_1_174' title='bbox 937 1614 986 1652; x_wconf 93' lang='lat' dir='ltr'>ut</span> <span class='ocrx_word' id='word_1_175' title='bbox 1017 1621 1140 1653; x_wconf 88' lang='lat' dir='ltr'>arcus</span> <span class='ocrx_word' id='word_1_176' title='bbox 1171 1621 1292 1653; x_wconf 90' lang='lat' dir='ltr'>usum</span> <span class='ocrx_word' id='word_1_177' title='bbox 1323 1608 1491 1661; x_wconf 88' lang='lat' dir='ltr'>laudet,</span> <span class='ocrx_word' id='word_1_178' title='bbox 1523 1608 1567 1651; x_wconf 92' lang='lat' dir='ltr'>in</span> <span class='ocrx_word' id='word_1_179' title='bbox 1598 1608 1707 1651; x_wconf 91' lang='lat' dir='ltr'>Her—</span> 
     </span>
     <span class='ocr_line' id='line_1_22' title="bbox 199 1681 1708 1738; baseline -0.001 -13"><span class='ocrx_word' id='word_1_180' title='bbox 199 1682 293 1725; x_wconf 87' lang='lat' dir='ltr'>cule</span> <span class='ocrx_word' id='word_1_181' title='bbox 332 1682 520 1725; x_wconf 85' lang='lat' dir='ltr'>Furente</span> <span class='ocrx_word' id='word_1_182' title='bbox 561 1681 662 1738; x_wconf 83' lang='lat'>(188</span> <span class='ocrx_word' id='word_1_183' title='bbox 695 1681 789 1737; x_wconf 91' lang='lat' dir='ltr'>sq.).</span> <span class='ocrx_word' id='word_1_184' title='bbox 856 1682 921 1724; x_wconf 93' lang='lat' dir='ltr'>Ibi</span> <span class='ocrx_word' id='word_1_185' title='bbox 962 1683 1066 1725; x_wconf 93' lang='lat' dir='ltr'>mihi</span> <span class='ocrx_word' id='word_1_186' title='bbox 1106 1682 1253 1725; x_wconf 88' lang='lat' dir='ltr'>videor</span> <span class='ocrx_word' id='word_1_187' title='bbox 1293 1682 1478 1736; x_wconf 86' lang='lat' dir='ltr'>Gorgiae</span> <span class='ocrx_word' id='word_1_188' title='bbox 1523 1682 1708 1737; x_wconf 87' lang='lat' dir='ltr'>vestigia</span> 
     </span>
     <span class='ocr_line' id='line_1_23' title="bbox 200 1752 1708 1812; baseline -0.002 -15"><span class='ocrx_word' id='word_1_189' title='bbox 200 1754 394 1797; x_wconf 85' lang='lat' dir='ltr'>odorari:</span> <span class='ocrx_word' id='word_1_190' title='bbox 425 1754 572 1809; x_wconf 79' lang='grc' dir='ltr'>τοξήρη</span> <span class='ocrx_word' id='word_1_191' title='bbox 606 1752 730 1809; x_wconf 83' lang='grc' dir='ltr'>σάγην</span> <span class='ocrx_word' id='word_1_192' title='bbox 764 1755 898 1809; x_wconf 87' lang='grc'>(188),</span> <span class='ocrx_word' id='word_1_193' title='bbox 929 1753 1025 1811; x_wconf 80' lang='grc' dir='ltr'>χεῖρ’</span> <span class='ocrx_word' id='word_1_194' title='bbox 1065 1753 1251 1812; x_wconf 77' lang='grc' dir='ltr'>εὔστοχον</span> <span class='ocrx_word' id='word_1_195' title='bbox 1286 1756 1421 1810; x_wconf 88' lang='grc'>(195),</span> <span class='ocrx_word' id='word_1_196' title='bbox 1453 1755 1613 1810; x_wconf 76' lang='grc' dir='ltr'>τυφλοῖς</span> <span class='ocrx_word' id='word_1_197' title='bbox 1642 1769 1708 1794; x_wconf 83' lang='grc' dir='ltr'>το-</span> 
     </span>
     <span class='ocr_line' id='line_1_24' title="bbox 198 1825 1708 1884; baseline -0.001 -16"><span class='ocrx_word' id='word_1_198' title='bbox 198 1825 366 1882; x_wconf 82' lang='grc' dir='ltr'>ξεύμασι</span> <span class='ocrx_word' id='word_1_199' title='bbox 396 1826 542 1882; x_wconf 84' lang='lat'>(199);</span> <span class='ocrx_word' id='word_1_200' title='bbox 587 1825 740 1880; x_wconf 90' lang='lat' dir='ltr'>quibus</span> <span class='ocrx_word' id='word_1_201' title='bbox 780 1839 802 1869; x_wconf 91' lang='lat' dir='ltr'>e</span> <span class='ocrx_word' id='word_1_202' title='bbox 844 1828 1033 1880; x_wconf 89' lang='lat' dir='ltr'>proximo</span> <span class='ocrx_word' id='word_1_203' title='bbox 1074 1827 1209 1871; x_wconf 89' lang='lat' dir='ltr'>addas</span> <span class='ocrx_word' id='word_1_204' title='bbox 1250 1826 1504 1884; x_wconf 80' lang='grc' dir='ltr'>τετρασκελές</span> <span class='ocrx_word' id='word_1_205' title='bbox 1535 1826 1708 1883; x_wconf 75' lang='grc' dir='ltr'>ὕβρισμα</span> 
     </span>
     <span class='ocr_line' id='line_1_25' title="bbox 199 1898 1706 1955; baseline -0.002 -13"><span class='ocrx_word' id='word_1_206' title='bbox 199 1898 346 1955; x_wconf 89' lang='grc'>(181),</span> <span class='ocrx_word' id='word_1_207' title='bbox 378 1902 422 1941; x_wconf 82' lang='lat' dir='ltr'>et</span> <span class='ocrx_word' id='word_1_208' title='bbox 451 1899 551 1939; x_wconf 82' lang='grc' dir='ltr'>τοῖσι</span> <span class='ocrx_word' id='word_1_209' title='bbox 580 1902 652 1953; x_wconf 82' lang='grc' dir='ltr'>γῆς</span> <span class='ocrx_word' id='word_1_210' title='bbox 685 1899 936 1954; x_wconf 81' lang='grc' dir='ltr'>βλαστήμασι</span> <span class='ocrx_word' id='word_1_211' title='bbox 968 1898 1109 1953; x_wconf 79' lang='grc' dir='ltr'>Γίγασι</span> <span class='ocrx_word' id='word_1_212' title='bbox 1141 1899 1273 1954; x_wconf 89' lang='grc'>(179).</span> <span class='ocrx_word' id='word_1_213' title='bbox 1337 1900 1427 1950; x_wconf 84' lang='lat' dir='ltr'>Quo</span> <span class='ocrx_word' id='word_1_214' title='bbox 1470 1901 1513 1941; x_wconf 91' lang='lat' dir='ltr'>in</span> <span class='ocrx_word' id='word_1_215' title='bbox 1557 1899 1706 1941; x_wconf 84' lang='lat' dir='ltr'>ultimo</span> 
     </span>
     <span class='ocr_line' id='line_1_26' title="bbox 198 1970 1194 2024; baseline 0 -10"><span class='ocrx_word' id='word_1_216' title='bbox 198 1975 342 2015; x_wconf 91' lang='lat' dir='ltr'>tamen</span> <span class='ocrx_word' id='word_1_217' title='bbox 373 1971 503 2014; x_wconf 89' lang='lat' dir='ltr'>aliam</span> <span class='ocrx_word' id='word_1_218' title='bbox 533 1970 755 2014; x_wconf 90' lang='lat' dir='ltr'>scientiam</span> <span class='ocrx_word' id='word_1_219' title='bbox 786 1970 1051 2024; x_wconf 89' lang='lat' dir='ltr'>deprendere</span> <span class='ocrx_word' id='word_1_220' title='bbox 1082 1971 1194 2014; x_wconf 92' lang='lat' dir='ltr'>licet.</span> 
     </span>
    </p>

    <p class='ocr_par' dir='ltr' id='par_1_6' title="bbox 197 2031 1713 2901">
     <span class='ocr_line' id='line_1_27' title="bbox 258 2031 1710 2098; baseline -0.002 -12"><span class='ocrx_word' id='word_1_221' title='bbox 258 2052 260 2055; x_wconf 88' lang='grc'><strong><em>·</em></strong></span> <span class='ocrx_word' id='word_1_222' title='bbox 315 2043 422 2086; x_wconf 88' lang='lat' dir='ltr'>Sunt</span> <span class='ocrx_word' id='word_1_223' title='bbox 452 2042 562 2085; x_wconf 90' lang='lat' dir='ltr'>enim</span> <span class='ocrx_word' id='word_1_224' title='bbox 592 2043 663 2095; x_wconf 93' lang='lat' dir='ltr'>qui</span> <span class='ocrx_word' id='word_1_225' title='bbox 694 2031 906 2085; x_wconf 79' lang='lat' dir='ltr'>affirment</span> <span class='ocrx_word' id='word_1_226' title='bbox 937 2043 1218 2098; x_wconf 85' lang='lat' dir='ltr'>Protagoram</span> <span class='ocrx_word' id='word_1_227' title='bbox 1247 2044 1291 2085; x_wconf 93' lang='lat' dir='ltr'>in</span> <span class='ocrx_word' id='word_1_228' title='bbox 1322 2043 1432 2086; x_wconf 92' lang='lat' dir='ltr'>libro</span> <span class='ocrx_word' id='word_1_229' title='bbox 1463 2044 1537 2086; x_wconf 87' lang='lat' dir='ltr'>illo</span> <span class='ocrx_word' id='word_1_230' title='bbox 1570 2043 1710 2097; x_wconf 84' lang='grc' dir='ltr'>ὀρθοε-</span> 
     </span>
     <span class='ocr_line' id='line_1_28' title="bbox 199 2113 1711 2170; baseline -0.001 -13"><span class='ocrx_word' id='word_1_231' title='bbox 199 2115 291 2170; x_wconf 72' lang='grc' dir='ltr'>πείᾳ</span> <span class='ocrx_word' id='word_1_232' title='bbox 323 2115 402 2170; x_wconf 94' lang='lat' dir='ltr'>(Pl.</span> <span class='ocrx_word' id='word_1_233' title='bbox 437 2114 595 2157; x_wconf 89' lang='lat' dir='ltr'>Phaed.</span> <span class='ocrx_word' id='word_1_234' title='bbox 620 2113 720 2170; x_wconf 87' lang='lat'>267)</span> <span class='ocrx_word' id='word_1_235' title='bbox 750 2115 863 2157; x_wconf 91' lang='lat' dir='ltr'>inter</span> <span class='ocrx_word' id='word_1_236' title='bbox 892 2116 1027 2158; x_wconf 91' lang='lat' dir='ltr'>multa</span> <span class='ocrx_word' id='word_1_237' title='bbox 1058 2116 1143 2159; x_wconf 90' lang='lat' dir='ltr'>alia</span> <span class='ocrx_word' id='word_1_238' title='bbox 1172 2116 1293 2159; x_wconf 93' lang='lat' dir='ltr'>illam</span> <span class='ocrx_word' id='word_1_239' title='bbox 1324 2116 1455 2158; x_wconf 88' lang='lat' dir='ltr'>etiam</span> <span class='ocrx_word' id='word_1_240' title='bbox 1485 2114 1711 2157; x_wconf 89' lang='lat' dir='ltr'>verborum</span> 
     </span>
     <span class='ocr_line' id='line_1_29' title="bbox 199 2187 1709 2243; baseline -0.001 -11"><span class='ocrx_word' id='word_1_241' title='bbox 199 2187 374 2243; x_wconf 89' lang='lat' dir='ltr'>originis</span> <span class='ocrx_word' id='word_1_242' title='bbox 406 2187 674 2241; x_wconf 89' lang='lat' dir='ltr'>disciplinam</span> <span class='ocrx_word' id='word_1_243' title='bbox 704 2187 986 2242; x_wconf 85' lang='lat' dir='ltr'>tractavisse,</span> <span class='ocrx_word' id='word_1_244' title='bbox 1030 2200 1159 2241; x_wconf 89' lang='lat' dir='ltr'>quam</span> <span class='ocrx_word' id='word_1_245' title='bbox 1190 2189 1488 2243; x_wconf 85' lang='lat' dir='ltr'>etymologiam</span> <span class='ocrx_word' id='word_1_246' title='bbox 1518 2188 1709 2231; x_wconf 90' lang='lat' dir='ltr'>nomina-</span> 
     </span>
     <span class='ocr_line' id='line_1_30' title="bbox 199 2259 1710 2316; baseline 0 -12"><span class='ocrx_word' id='word_1_247' title='bbox 199 2272 292 2304; x_wconf 91' lang='lat' dir='ltr'>mus</span> <span class='ocrx_word' id='word_1_248' title='bbox 324 2259 459 2314; x_wconf 85' lang='lat' dir='ltr'>(Cope</span> <span class='ocrx_word' id='word_1_249' title='bbox 489 2259 527 2302; x_wconf 86' lang='lat' dir='ltr'>J.</span> <span class='ocrx_word' id='word_1_250' title='bbox 561 2259 721 2303; x_wconf 89' lang='lat' dir='ltr'>Sacred</span> <span class='ocrx_word' id='word_1_251' title='bbox 752 2259 835 2302; x_wconf 90' lang='lat' dir='ltr'>and</span> <span class='ocrx_word' id='word_1_252' title='bbox 866 2260 989 2303; x_wconf 91' lang='lat' dir='ltr'>class.</span> <span class='ocrx_word' id='word_1_253' title='bbox 1022 2261 1128 2304; x_wconf 91' lang='lat' dir='ltr'>Phil.</span> <span class='ocrx_word' id='word_1_254' title='bbox 1160 2261 1238 2304; x_wconf 90' lang='lat' dir='ltr'>No.</span> <span class='ocrx_word' id='word_1_255' title='bbox 1273 2266 1311 2304; x_wconf 90' lang='lat'>7.</span> <span class='ocrx_word' id='word_1_256' title='bbox 1344 2275 1384 2316; x_wconf 90' lang='lat' dir='ltr'>p.</span> <span class='ocrx_word' id='word_1_257' title='bbox 1412 2262 1498 2316; x_wconf 88' lang='lat'>52).</span> <span class='ocrx_word' id='word_1_258' title='bbox 1559 2261 1616 2304; x_wconf 89' lang='lat' dir='ltr'>Et</span> <span class='ocrx_word' id='word_1_259' title='bbox 1646 2259 1710 2304; x_wconf 86' lang='lat' dir='ltr'>fa-</span> 
     </span>
     <span class='ocr_line' id='line_1_31' title="bbox 200 2332 1711 2389; baseline 0 -12"><span class='ocrx_word' id='word_1_260' title='bbox 200 2334 280 2377; x_wconf 89' lang='lat' dir='ltr'>cile</span> <span class='ocrx_word' id='word_1_261' title='bbox 311 2333 482 2388; x_wconf 88' lang='lat' dir='ltr'>quidem</span> <span class='ocrx_word' id='word_1_262' title='bbox 513 2334 584 2387; x_wconf 91' lang='lat' dir='ltr'>qui</span> <span class='ocrx_word' id='word_1_263' title='bbox 616 2333 668 2376; x_wconf 93' lang='lat' dir='ltr'>de</span> <span class='ocrx_word' id='word_1_264' title='bbox 698 2333 871 2388; x_wconf 89' lang='lat' dir='ltr'>propria</span> <span class='ocrx_word' id='word_1_265' title='bbox 890 2332 1116 2379; x_wconf 87' lang='lat' dir='ltr'>verborum</span> <span class='ocrx_word' id='word_1_266' title='bbox 1147 2333 1455 2389; x_wconf 88' lang='lat' dir='ltr'>significatione</span> <span class='ocrx_word' id='word_1_267' title='bbox 1487 2337 1711 2389; x_wconf 90' lang='lat' dir='ltr'>quaerunt,</span> 
     </span>
     <span class='ocr_line' id='line_1_32' title="bbox 201 2406 1711 2461; baseline 0.001 -12"><span class='ocrx_word' id='word_1_268' title='bbox 201 2406 255 2449; x_wconf 90' lang='lat' dir='ltr'>ad</span> <span class='ocrx_word' id='word_1_269' title='bbox 288 2406 587 2460; x_wconf 88' lang='lat' dir='ltr'>etymologiam</span> <span class='ocrx_word' id='word_1_270' title='bbox 625 2407 957 2461; x_wconf 86' lang='lat' dir='ltr'>qualemcunque</span> <span class='ocrx_word' id='word_1_271' title='bbox 992 2411 1231 2450; x_wconf 88' lang='lat' dir='ltr'>recurrunt.</span> <span class='ocrx_word' id='word_1_272' title='bbox 1293 2409 1397 2451; x_wconf 89' lang='lat' dir='ltr'>Rem</span> <span class='ocrx_word' id='word_1_273' title='bbox 1419 2408 1565 2451; x_wconf 85' lang='lat' dir='ltr'>tritam</span> <span class='ocrx_word' id='word_1_274' title='bbox 1598 2407 1711 2461; x_wconf 89' lang='lat' dir='ltr'>apud</span> 
     </span>
     <span class='ocr_line' id='line_1_33' title="bbox 199 2478 1710 2536; baseline 0.002 -15"><span class='ocrx_word' id='word_1_275' title='bbox 199 2478 467 2522; x_wconf 86' lang='lat' dir='ltr'>Heracliteos</span> <span class='ocrx_word' id='word_1_276' title='bbox 496 2478 643 2523; x_wconf 87' lang='lat' dir='ltr'>multis</span> <span class='ocrx_word' id='word_1_277' title='bbox 673 2479 796 2523; x_wconf 90' lang='lat' dir='ltr'>Plato</span> <span class='ocrx_word' id='word_1_278' title='bbox 825 2480 1098 2534; x_wconf 89' lang='lat' dir='ltr'>persequitur</span> <span class='ocrx_word' id='word_1_279' title='bbox 1128 2481 1307 2536; x_wconf 90' lang='lat' dir='ltr'>(Cratyl.</span> <span class='ocrx_word' id='word_1_280' title='bbox 1341 2485 1424 2524; x_wconf 86' lang='lat'>402</span> <span class='ocrx_word' id='word_1_281' title='bbox 1455 2482 1503 2524; x_wconf 87' lang='lat' dir='ltr'>A.</span> <span class='ocrx_word' id='word_1_282' title='bbox 1537 2485 1582 2524; x_wconf 89' lang='lat' dir='ltr'>et</span> <span class='ocrx_word' id='word_1_283' title='bbox 1610 2493 1710 2536; x_wconf 92' lang='lat' dir='ltr'>pas-</span> 
     </span>
     <span class='ocr_line' id='line_1_34' title="bbox 200 2550 1713 2609; baseline 0.001 -14"><span class='ocrx_word' id='word_1_284' title='bbox 200 2550 312 2606; x_wconf 92' lang='lat' dir='ltr'>sim).</span> <span class='ocrx_word' id='word_1_285' title='bbox 374 2550 493 2594; x_wconf 85' lang='lat' dir='ltr'>Serio</span> <span class='ocrx_word' id='word_1_286' title='bbox 536 2550 784 2606; x_wconf 81' lang='lat' dir='ltr'>Euripides3</span> <span class='ocrx_word' id='word_1_287' title='bbox 834 2553 902 2596; x_wconf 93' lang='lat' dir='ltr'>cui</span> <span class='ocrx_word' id='word_1_288' title='bbox 942 2565 1011 2596; x_wconf 87' lang='lat' dir='ltr'>res</span> <span class='ocrx_word' id='word_1_289' title='bbox 1050 2552 1094 2595; x_wconf 91' lang='lat' dir='ltr'>in</span> <span class='ocrx_word' id='word_1_290' title='bbox 1134 2552 1301 2598; x_wconf 90' lang='lat' dir='ltr'>deliciis</span> <span class='ocrx_word' id='word_1_291' title='bbox 1341 2554 1434 2598; x_wconf 86' lang='lat' dir='ltr'>fuit.</span> <span class='ocrx_word' id='word_1_292' title='bbox 1505 2554 1713 2609; x_wconf 88' lang='lat' dir='ltr'>Exempla</span> 
     </span>
     <span class='ocr_line' id='line_1_35' title="bbox 199 2619 1713 2679; baseline 0.004 -17"><span class='ocrx_word' id='word_1_293' title='bbox 199 2619 370 2663; x_wconf 87' lang='lat' dir='ltr'>Paleius</span> <span class='ocrx_word' id='word_1_294' title='bbox 401 2620 621 2676; x_wconf 89' lang='lat' dir='ltr'>congessit</span> <span class='ocrx_word' id='word_1_295' title='bbox 641 2623 697 2676; x_wconf 88' lang='lat' dir='ltr'>(v.</span> <span class='ocrx_word' id='word_1_296' title='bbox 723 2626 759 2676; x_wconf 95' lang='lat' dir='ltr'>l,</span> <span class='ocrx_word' id='word_1_297' title='bbox 789 2635 830 2676; x_wconf 91' lang='lat' dir='ltr'>p.</span> <span class='ocrx_word' id='word_1_298' title='bbox 850 2621 1009 2679; x_wconf 87' lang='lat' dir='ltr'>XXXI)</span> <span class='ocrx_word' id='word_1_299' title='bbox 1040 2635 1117 2666; x_wconf 90' lang='lat' dir='ltr'>nec</span> <span class='ocrx_word' id='word_1_300' title='bbox 1142 2625 1308 2678; x_wconf 91' lang='lat' dir='ltr'>copiam</span> <span class='ocrx_word' id='word_1_301' title='bbox 1340 2625 1548 2668; x_wconf 88' lang='lat' dir='ltr'>exhausit.</span> <span class='ocrx_word' id='word_1_302' title='bbox 1608 2625 1713 2667; x_wconf 92' lang='lat' dir='ltr'>Pro-</span> 
     </span>
     <span class='ocr_line' id='line_1_36' title="bbox 197 2690 1710 2752; baseline 0.004 -18"><span class='ocrx_word' id='word_1_303' title='bbox 197 2690 311 2734; x_wconf 86' lang='lat' dir='ltr'>fecto</span> <span class='ocrx_word' id='word_1_304' title='bbox 341 2692 558 2746; x_wconf 85' lang='lat' dir='ltr'>vulgatum</span> <span class='ocrx_word' id='word_1_305' title='bbox 590 2697 686 2736; x_wconf 89' lang='lat' dir='ltr'>erat</span> <span class='ocrx_word' id='word_1_306' title='bbox 715 2693 757 2735; x_wconf 94' lang='lat' dir='ltr'>in</span> <span class='ocrx_word' id='word_1_307' title='bbox 788 2693 1005 2738; x_wconf 93' lang='lat' dir='ltr'>hominum</span> <span class='ocrx_word' id='word_1_308' title='bbox 1025 2694 1265 2740; x_wconf 92' lang='lat' dir='ltr'>nominibus</span> <span class='ocrx_word' id='word_1_309' title='bbox 1295 2695 1519 2741; x_wconf 89' lang='lat' dir='ltr'>fatidicum</span> <span class='ocrx_word' id='word_1_310' title='bbox 1549 2697 1710 2752; x_wconf 86' lang='lat' dir='ltr'>aliquid</span> 
     </span>
     <span class='ocr_line' id='line_1_37' title="bbox 198 2763 1712 2826; baseline 0.005 -19"><span class='ocrx_word' id='word_1_311' title='bbox 198 2763 468 2819; x_wconf 88' lang='lat' dir='ltr'>perspicere:</span> <span class='ocrx_word' id='word_1_312' title='bbox 501 2768 575 2808; x_wconf 89' lang='lat' dir='ltr'>aut</span> <span class='ocrx_word' id='word_1_313' title='bbox 605 2764 827 2823; x_wconf 81' lang='lat' dir='ltr'>originem,</span> <span class='ocrx_word' id='word_1_314' title='bbox 859 2770 1078 2823; x_wconf 88' lang='lat' dir='ltr'>naturam,</span> <span class='ocrx_word' id='word_1_315' title='bbox 1118 2781 1259 2813; x_wconf 90' lang='lat' dir='ltr'>mores</span> <span class='ocrx_word' id='word_1_316' title='bbox 1301 2782 1352 2813; x_wconf 86' lang='lat' dir='ltr'>ex</span> <span class='ocrx_word' id='word_1_317' title='bbox 1381 2770 1548 2815; x_wconf 89' lang='lat' dir='ltr'>nomine</span> <span class='ocrx_word' id='word_1_318' title='bbox 1581 2771 1712 2826; x_wconf 87' lang='lat' dir='ltr'>expli-</span> 
     </span>
     <span class='ocr_line' id='line_1_38' title="bbox 200 2837 1712 2901; baseline 0.006 -21"><span class='ocrx_word' id='word_1_319' title='bbox 200 2850 312 2881; x_wconf 89' lang='lat' dir='ltr'>care.</span> <span class='ocrx_word' id='word_1_320' title='bbox 371 2837 475 2880; x_wconf 90' lang='lat' dir='ltr'>Inde</span> <span class='ocrx_word' id='word_1_321' title='bbox 506 2838 611 2882; x_wconf 92' lang='lat' dir='ltr'>illud</span> <span class='ocrx_word' id='word_1_322' title='bbox 642 2838 696 2882; x_wconf 89' lang='lat' dir='ltr'>de</span> <span class='ocrx_word' id='word_1_323' title='bbox 717 2839 938 2894; x_wconf 89' lang='lat' dir='ltr'>Polynice:</span> <span class='ocrx_word' id='word_1_324' title='bbox 968 2840 1130 2884; x_wconf 79' lang='grc' dir='ltr'>νεικέων</span> <span class='ocrx_word' id='word_1_325' title='bbox 1157 2842 1361 2899; x_wconf 81' lang='grc' dir='ltr'>ἐπώνυμον</span> <span class='ocrx_word' id='word_1_326' title='bbox 1394 2843 1570 2901; x_wconf 85' lang='lat' dir='ltr'>(Phoen.</span> <span class='ocrx_word' id='word_1_327' title='bbox 1590 2845 1712 2900; x_wconf 87' lang='grc'>636);</span> 
     </span>
    </p>
   </div>
  </div>
 </body>
</html>
