1910 3154
931 83 986 122 74

294 198 333 237 4.
384 193 661 238 Contrarium
707 196 775 239 vel
817 195 1092 250 enthymema
1124 208 1177 240 ex
1207 193 1497 251 pugnantibus
1531 190 1614 240 669
1648 204 1711 251 sq.

383 268 480 321 (An.
515 280 549 310 c.
588 267 672 322 11).

296 343 333 382 5.
381 339 452 382 Pr.
483 339 680 394 repetit.:
713 339 894 396 γέροντες
928 360 982 377 --
1016 340 1144 397 γέρων
1178 340 1232 383 ὤν
1267 344 1365 385 635.

178 412 270 455 Alc.
303 415 400 455 699.

300 488 335 526 1.
382 484 664 528 Enumeratio
696 497 791 529 cum
821 485 1035 540 pondere;
1078 498 1173 530 cum
1204 485 1573 544 interrogatione3
1619 496 1715 531 cum

383 557 719 611 comparatione.

299 633 336 673 3.
383 629 662 686 Indignatio:
705 630 911 678 ὀνειδίζεις
954 629 1072 678 αὐτὸς
1120 632 1173 674 ὢν
1217 633 1353 680 κακός.
1425 633 1572 677 Ironia
1616 632 1714 688 (An.

385 705 438 744 22
473 703 496 757 g
533 704 588 755 1).

294 779 333 817 4.
384 774 635 818 Sententia:
670 775 801 831 „Vita
831 774 1028 820 omnibus
1059 775 1205 820 cara“.

297 851 335 889 5.
381 847 426 889 P.
459 848 509 890 R.
543 847 748 895 ὀνειδίζεις
780 868 835 884 =
866 849 1004 896 κακοῖς
1035 848 1211 891 ἐλαύνειν
1244 853 1341 893 676.

178 919 389 963 Bacchae.
424 923 520 963 322.

301 996 336 1035 1.
382 992 568 1046 Captum
598 993 820 1036 consilium
853 998 1096 1038 enarratur.

239 1067 279 1119 2,
299 1068 337 1107 3.
386 1063 440 1108 Se
471 1068 672 1119 excusat,
717 1065 899 1109 alterius
940 1066 1110 1120 culpam
1141 1069 1286 1122 auget.
1352 1066 1548 1123 „Insanis
1578 1078 1718 1121 neque

387 1137 513 1181 modo
544 1137 737 1192 vulgari“
772 1138 951 1191 (Cornif.
989 1143 1055 1191 11,
1090 1142 1144 1181 30
1176 1139 1296 1182 locus
1327 1138 1479 1195 VIII.).

302 1213 340 1252 5.
386 1209 432 1252 P.
465 1209 516 1252 R.
551 1210 739 1264 ὃιαγελᾶς
772 1212 879 1265 322,
914 1212 996 1253 272
1030 1213 1110 1252 σῶν
1142 1210 1273 1264 λόγων
1307 1242 1316 1251 .
1351 1242 1359 1251 .
1395 1242 1403 1251 .
1437 1243 1446 1251 .
1482 1210 1611 1266 μαίνει
1641 1208 1718 1267 γάρ

388 1301 443 1317 =
476 1281 515 1323 ἐν
547 1282 628 1329 τοῖς
657 1282 810 1336 λόγοισι
843 1271 984 1324 δ’ὀύκ
1014 1281 1134 1324 ἔνεισί
1165 1298 1227 1324 σοι
1259 1281 1399 1338 φρένες
1430 1282 1566 1338 (269).

184 1352 368 1407 Cyclops
403 1355 500 1395 336.

305 1429 340 1467 1.
391 1424 496 1467 Inde
527 1428 577 1468 ut
614 1424 809 1479 videtur,
851 1425 1003 1479 incipit
1035 1425 1245 1481 epilogus.
1290 1425 1563 1478 Repetuntur
1605 1425 1719 1468 enim

386 1495 518 1539 verba
550 1500 628 1539 aut
657 1496 811 1539 saltem
844 1508 997 1540 sensus
1029 1495 1271 1539 verborum.

446 1581 485 1612 a.
519 1567 721 1625 τοῦμπιεῗν
753 1585 789 1610 κ.
823 1585 855 1613 τ.
889 1570 923 1611 λ.
959 1589 1012 1605 =
1046 1569 1215 1616 πλοῦτος
1248 1571 1345 1612 316.

445 1641 486 1685 b.
520 1640 622 1689 Ζεὺς
654 1641 767 1689 οὗτος
795 1662 848 1677 =
882 1643 970 1689 θεός
1004 1646 1101 1685 316.

454 1727 488 1757 c.
520 1714 667 1769 νόμους
697 1713 966 1761 ποικίλλοντες
995 1734 1052 1749 =
1085 1713 1215 1768 λόγων
1257 1711 1473 1768 εὖμορφίαι
1505 1715 1603 1755 317.

386 1786 456 1828 Ita
488 1785 537 1828 fit
569 1799 620 1829 ex
658 1790 892 1840 praecepto
926 1786 1201 1829 Anaximenis
1236 1789 1303 1840 37,
1336 1788 1417 1827 43:
1457 1782 1506 1825 τὰ
1538 1783 1721 1839 βέλτιστα

388 1860 549 1910 σαυτοῦ,
581 1857 630 1899 τὰ
661 1859 895 1914 φαυλότατα
925 1865 999 1900 τῶν
1032 1858 1239 1900 ἐναντίων;
1280 1857 1333 1901 cf.
1368 1858 1440 1900 Ar.
1474 1857 1555 1900 Rh.
1591 1861 1629 1910 3,
1667 1860 1719 1901 19

389 1930 428 1976 ἐξ
461 1930 794 1987 ἀντιπαραβολῆς.

181 2000 361 2045 Electra
393 2004 490 2045 952.

303 2078 341 2117 1.
390 2075 526 2117 Deest
555 2075 672 2118 iusta
706 2075 924 2129 repetitio,
958 2079 1002 2118 et
1024 2075 1219 2118 consulto
1242 2074 1436 2128 quidem3
1467 2077 1516 2116 ut
1547 2086 1599 2117 ex
1628 2086 1723 2116 ver-

389 2145 456 2190 bis
472 2150 596 2201 patet
612 2171 668 2177 —
691 2145 772 2203 ἔρρ’
791 2145 906 2188 οὐδὲν
924 2147 1065 2194 εἰδώς;
1101 2149 1318 2190 mortuum
1339 2145 1451 2190 enim
1469 2145 1719 2200 alloquitur.

302 2222 341 2261 4.
386 2219 493 2262 Inde
526 2221 745 2263 sententia
786 2220 975 2275 longior,
1018 2232 1146 2274 quam
1176 2219 1329 2262 melius
1361 2231 1455 2261 cum
1486 2218 1724 2263 Kirchoffio

391 2304 417 2334 a
446 2291 591 2335 verbis
623 2293 727 2334 ὥστε
758 2309 814 2340 τις
835 2293 1018 2348 incipias
1051 2293 1149 2347 (ὦδε
1167 2292 1324 2336 Codex.
1346 2292 1449 2333 ὥστε
1471 2289 1718 2349 Stobaeus).

390 2365 512 2408 Trita
543 2366 762 2410 sententia
784 2367 945 2421 optime
975 2367 1183 2410 variatur.
1246 2365 1383 2409 Aliter
1404 2365 1614 2409 Horatius
1645 2377 1724 2408 nec

388 2441 535 2480 tamen
567 2451 593 2481 a
623 2437 760 2493 figura
791 2439 1043 2483 discedens:
1074 2439 1190 2483 Raro
1221 2436 1554 2483 antecedentem
1584 2438 1723 2483 scele-

390 2514 506 2554 stum
535 2511 743 2556 Deseruit
773 2512 884 2567 pede
915 2513 1061 2557 Poena
1092 2512 1259 2557 claudo.

184 2584 361 2627 Electra
398 2588 523 2627 1041.

306 2660 342 2698 1.
390 2656 596 2699 Fortasse
639 2658 736 2711 quis
766 2671 793 2700 a
824 2670 952 2701 versu
984 2657 1161 2705 demum,
1192 2660 1300 2700 1049
1332 2655 1524 2709 incipere
1555 2654 1721 2698 mallet.

392 2729 454 2771 Re
487 2728 628 2773 dubia·
648 2730 810 2784 optime
830 2730 900 2774 hic
921 2729 1127 2774 manebis.
1190 2728 1302 2773 Nam
1316 2727 1380 2771 ita
1410 2726 1724 2784 interrogatio-

391 2814 489 2844 num
521 2802 658 2845 series
700 2803 745 2845 in
779 2804 921 2847 locum
963 2801 1301 2847 enumerationis
1332 2799 1527 2844 succedit
1557 2800 1634 2842 An.
1669 2802 1723 2842 37
