1910 3154
893 107 945 147 75

365 219 474 273 §43
516 218 757 275 ἐρωτὴσεως
798 223 951 277 σχῆμα.
1015 220 1158 272 Quint.
1194 223 1244 274 6,
1294 223 1344 262 15
1387 222 1431 262 et
1463 217 1618 270 Quint.
1656 220 1694 271 9,

368 289 505 344 „Quid
548 294 637 333 tam
678 304 899 335 commune
944 304 1070 346 quam
1114 292 1388 348 interrogare
1422 324 1430 332 .
1467 323 1475 332 .
1511 324 1518 331 .
1554 290 1612 331 At
1643 301 1696 331 ea

366 373 437 405 res
470 362 544 418 [sc.
575 363 860 423 interrogare]
903 364 1129 419 multiplex
1169 363 1302 408 habet
1333 364 1520 408 schema.
1582 362 1693 405 Inci-

366 434 533 486 piamus
565 436 675 478 enim
707 435 761 479 ab
792 437 847 480 iis
879 437 1032 491 quibus
1060 438 1202 480 acrior
1234 449 1285 479 ac
1320 435 1615 479 vehementior
1646 433 1695 476 fit

363 505 562 560 probatio
602 542 610 551 .
645 542 653 551 .
688 541 697 551 .
733 508 770 551 ,α
833 509 939 553 Cum
978 509 1058 553 hoc
1101 512 1345 566 congruunt
1372 512 1528 563 poetae
1560 505 1694 550 verba

364 579 529 635 γλῶσσῃ
561 581 747 636 πικρότης
778 580 903 622 ἔνεστί
934 598 989 628 τις
1022 580 1188 638 (1014).

280 653 318 693 2.
362 650 608 695 Notandum
639 656 706 696 est
734 653 852 709 ἦθος,
896 666 1140 708 quanquam
1180 655 1225 697 in
1256 667 1303 696 re
1335 654 1462 707 mala,
1495 653 1692 696 consulto

367 722 421 765 ad
455 727 749 767 accusatorem
780 725 1092 768 conciliandum
1124 725 1286 780 (Quint.
1320 729 1359 779 6,
1397 729 1432 776 1,
1471 724 1554 779 12).

165 793 332 838 Helena
363 798 461 839 851.

285 871 321 921 1,
354 872 393 910 4.
427 868 608 922 Captum
640 869 861 913 consilium
902 883 985 913 uno
1027 870 1157 913 verbo
1187 871 1425 924 prolatum,
1468 882 1545 923 per
1577 868 1691 923 quod

367 938 451 982 sibi
494 939 572 983 sub
614 939 741 983 finem
785 940 1050 995 probationis
1110 942 1398 997 interroganti
1452 940 1690 994 respondit,

367 1025 495 1065 porro
524 1012 763 1056 rationibus
794 1014 1057 1057 sententiose
1089 1014 1217 1057 dictis
1246 1013 1455 1056 firmatur.

283 1086 322 1126 2.
367 1084 460 1138 Hic,
492 1088 539 1127 ut
567 1088 662 1127 tota
693 1097 744 1127 ex
774 1086 982 1138 oratione,
1013 1087 1155 1130 elucet
1175 1086 1271 1142 ἦθος
1293 1099 1370 1129 nec
1403 1084 1527 1132 πάθος
1550 1085 1689 1140 negli-

367 1157 498 1213 gitur,
533 1157 675 1212 „facta
706 1159 895 1211 corporis
928 1159 993 1201 sui
1017 1159 1255 1213 sepeliendi
1286 1157 1686 1201 commendatione“

167 1262 171 1266 Α
369 1229 456 1273 Cic.
487 1230 575 1273 Inv.
612 1234 647 1282 1,
681 1234 732 1273 55
766 1231 832 1285 (L,
864 1231 956 1285 XI).

166 1301 335 1345 Helena
368 1305 491 1345 1022.

287 1379 323 1426 1,
357 1377 395 1416 2.
428 1374 712 1429 Exhortatur‚
755 1376 957 1419 adiuncto
999 1377 1052 1419 de
1106 1389 1153 1419 se
1195 1377 1429 1429 promisso,
1470 1376 1582 1429 quod
1638 1388 1690 1418 ea

368 1445 694 1490 obsecrantibus
727 1449 933 1491 concedit.
996 1449 1101 1491 Inde
1128 1449 1305 1490 monitio
1337 1449 1441 1490 deos
1472 1448 1689 1501 placandi,

370 1519 424 1561 ad
461 1522 654 1562 1005—7
686 1520 844 1574 relata,
887 1524 975 1563 stat
1014 1521 1056 1562 in
1098 1520 1201 1563 sede
1245 1520 1545 1562 conciliatione
1590 1532 1690 1573 pro-

368 1592 477 1646 pria.
554 1593 667 1636 Deos
708 1593 829 1647 quasi
875 1606 1019 1636 coram
1070 1593 1295 1636 audientes
1338 1591 1421 1635 sibi
1469 1592 1691 1635 conciliari

367 1666 458 1708 vult
489 1664 802 1719 (κατασκευάσαι
832 1666 874 1707 εὖ
905 1665 969 1707 τὸν
1002 1665 1200 1721 ἀκροατὴν
1233 1664 1329 1721 πρὸς
1361 1663 1500 1706 ἑαυτὸν
1524 1667 1591 1707 Ar.
1608 1665 1688 1708 Rh.

369 1741 408 1791 3,
443 1741 508 1790 19,
543 1738 598 1792 1).
659 1739 772 1791 Apta
811 1738 917 1780 haec
949 1738 992 1779 in
1023 1750 1096 1780 ore
1129 1737 1392 1791 sacerdotis,
1438 1750 1547 1791 quae
1579 1749 1691 1779 sem-

369 1822 446 1862 per
476 1810 598 1862 quasi
630 1813 730 1852 ante
763 1823 837 1851 ora
860 1809 985 1851 deum
1015 1810 1226 1863 loquitur:
1261 1809 1496 1862 eodemque
1519 1812 1691 1861 spectat

367 1882 506 1924 oratio
538 1882 592 1924 ad
623 1885 792 1935 patrem
823 1893 1040 1924 conversa.

282 1951 447 1995 Ibidem
478 1953 591 1996 inest
621 1952 729 2008 ἦθος.

285 2030 323 2069 5.
372 2025 419 2069 Ρ.
452 2026 501 2069 R.
534 2027 566 2067 ὦ
599 2025 725 2068 θανὼν
757 2024 879 2082 πάτερ
912 2045 963 2061 =
994 2024 1109 2073 κλέος
1140 2024 1288 2080 τούμοῦ
1320 2025 1465 2081 πατρός
1493 2024 1630 2081 (999).

299 2104 310 2113 ⁸
373 2098 464 2139 ὅσον
496 2098 532 2152 γ’
566 2098 646 2152 ἐγὼ
685 2097 810 2139 σθένω
856 2097 1052 2153 δυσσέβης
1084 2097 1165 2138 ἀντ’
1198 2095 1387 2152 εὐσεβοῦς
1419 2116 1474 2131 =
1507 2097 1587 2150 ἐγω
1618 2096 1691 2137 πέ-

369 2186 476 2226 φυκα
505 2169 680 2228 εὐσεβεῖν
713 2170 849 2225 (998).

283 2241 367 2284 Sed
399 2254 569 2285 manum
600 2241 651 2284 de
682 2240 844 2283 tabula.
904 2241 998 2283 Iam
1036 2241 1148 2282 enim
1188 2240 1297 2283 satis
1335 2240 1378 2282 in
1409 2241 1491 2282 hac
1523 2252 1690 2294 quoque

165 2318 290 2368 parte
322 2327 441 2358 mens
471 2317 626 2368 poetae
669 2314 820 2357 elucet.
883 2313 1014 2357 Vides
1059 2325 1154 2356 eum
1197 2313 1420 2367 praecepti
1460 2312 1693 2356 observan-

168 2386 383 2430 tissimum
414 2398 532 2437 esse;
565 2398 672 2440 quae
704 2398 775 2429 res
801 2398 854 2428 ne
886 2384 961 2428 fiat
991 2385 1187 2437 molesta,
1222 2385 1415 2429 taedium
1444 2386 1560 2429 levat
1590 2385 1694 2429 faci-

168 2458 221 2502 lis
260 2458 464 2502 facundia
506 2461 635 2513 atque
675 2458 930 2501 inexhausta
976 2469 1071 2501 cum
1112 2458 1241 2512 plena
1290 2458 1604 2502 sententiarum
1650 2461 1696 2501 et

165 2535 545 2586 argumentoruum
596 2530 731 2585 copia.
800 2530 859 2573 Et
906 2530 1062 2573 vitiosa
1100 2530 1176 2573 illa
1216 2530 1461 2573 rhetoricae
1508 2531 1694 2574 sectatio

165 2599 250 2644 sibi
279 2612 373 2643 cum
417 2600 593 2643 summis
634 2599 737 2643 viris
783 2600 1017 2644 communis
1059 2605 1177 2652 erat,
1224 2600 1431 2643 virtutem
1474 2601 1694 2655 propriam

164 2672 327 2728 primus
358 2675 582 2715 assecutus
614 2675 704 2727 est,
750 2676 822 2726 ut,
865 2684 962 2715 cum
1005 2671 1061 2715 ad
1100 2684 1194 2715 rem
1240 2670 1445 2715 subtilem
1482 2684 1609 2716 voces
1641 2673 1694 2716 de

163 2743 304 2789 medio
335 2748 529 2799 sumptas
551 2742 740 2797 afferret,
773 2744 954 2798 simplici
986 2748 1031 2787 et
1062 2744 1250 2800 eleganti
1280 2756 1476 2788 sermone
1507 2745 1693 2799 patriam

165 2818 356 2874 linguam
388 2817 561 2861 ditaret.
