1910 3154
954 83 1002 124 51

215 195 308 253 (32)
332 197 381 240 A.
407 195 458 240 Si
489 207 561 240 res
590 197 739 250 gestae
771 197 872 238 sunt
894 206 1071 248 paucae,
1103 194 1320 248 prooemio
1344 193 1468 248 quasi
1489 192 1739 247 appendicis

213 269 320 324 loco,
352 269 652 324 adiungendae
675 271 786 311 sunt.
848 267 896 309 B.
930 266 1130 321 Singulae
1152 278 1347 321 quaeque
1369 270 1469 309 sunt
1493 264 1737 308 narrandae

214 346 260 385 et
290 343 439 385 statim
470 342 621 396 cuique
663 339 927 384 confirmatio
966 339 1234 382 annectenda
1267 343 1335 382 est
1365 336 1583 394 (συναπτὰς
1614 339 1736 379 ποιεῖν

215 414 238 469 ἓ
271 417 309 466 2,
344 414 397 457 cf.
429 427 463 456 c.
499 418 565 468 37,
599 414 621 468 ξ
656 414 740 467 14).
803 413 847 455 C.
879 411 1082 454 Narratio
1114 415 1207 454 tota
1238 416 1440 465 tanquam
1482 425 1610 454 unum
1644 424 1738 454 cor-

214 498 294 540 pus
326 487 551 539 exponitur
582 485 890 540 (σωματοειδῆ).
952 484 1159 537 Exemplo
1188 483 1246 526 sit
1261 484 1387 537 primi
1406 484 1579 540 generis
1597 484 1736 527 oratio

215 558 492 611 Antiphontis
524 558 659 611 (Tetr.
680 558 729 599 B.
747 561 818 608 a.).
878 558 943 598 De
967 557 1104 598 altero
1135 557 1228 609 ipse
1252 557 1537 599 Anaximenes
1568 561 1735 599 monet:

214 629 258 672 id
289 629 377 681 fiat,
409 642 462 672 ne
494 630 607 672 nuda
635 629 753 671 facta
785 628 995 671 varietate
1014 632 1203 679 careant,
1236 632 1280 671 et
1295 631 1344 671 ut
1369 628 1534 671 animos
1561 628 1737 672 audien-

214 701 322 744 tium
363 704 583 755 captemus
625 701 666 755 (ξ
699 699 756 757 2).
828 700 991 742 Eadem
1031 699 1163 742 habet
1208 701 1301 753 ipse
1334 701 1616 752 Aristoteles,
1659 700 1737 743 sed

214 774 375 816 diserte
406 773 459 816 de
492 773 828 815 demonstrativa
868 775 1033 814 tantum
1067 773 1261 814 oratione
1293 772 1393 827 (Rh.
1426 776 1465 824 3,
1503 776 1569 827 16,
1606 778 1642 824 1,
1677 771 1736 827 2).

214 845 436 898 Improbat
467 845 766 896 Quintilianus,
799 844 881 886 nisi
913 856 1009 900 curn
1040 844 1165 887 modo
1196 844 1293 898 fiat,
1337 849 1381 887 et
1413 845 1473 887 sic
1505 849 1552 886 ut
1585 857 1736 887 narra-

213 917 373 959 tionem
406 929 501 959 esse
533 916 862 968 meminerimus,
893 927 975 957 non
1006 914 1306 967 probationem
1322 916 1382 969 (4,
1402 919 1440 969 2,
1472 916 1520 970 ἐξ
1541 920 1578 969 3,
1604 915 1737 968 54‚cf.

215 988 238 1043 ξ
272 992 337 1031 79.
399 989 640 1031 Volkmann
670 1000 740 1041 pp.
778 986 977 1041 161—2).
1041 987 1325 1029 Anaximenes
1366 991 1512 1030 autem
1543 991 1736 1030 statuere

214 1060 385 1103 videtur
430 1060 510 1102 hoc
553 1060 735 1102 alterum
781 1071 917 1114 genus
960 1071 1054 1101 cum
1094 1058 1348 1111 probatione
1388 1059 1479 1102 fere
1511 1061 1737 1103 convenire

216 1130 269 1187 (c.
304 1136 372 1183 33,
408 1135 461 1183 1).
527 1131 784 1174 Necessario
814 1131 857 1172 in
889 1131 1032 1183 specie
1056 1132 1319 1184 exquirendi,
1351 1145 1460 1185 quae
1492 1138 1737 1187 narrantur,

215 1204 259 1246 in
289 1204 368 1246 hoc
401 1216 536 1258 genus
582 1203 724 1246 onmia
756 1203 915 1245 cadunt
947 1203 999 1255 (c.
1034 1202 1119 1258 38).
1183 1204 1306 1256 Apud
1349 1208 1521 1257 poetam
1566 1206 1738 1258 saepius

216 1274 384 1318 obvium
417 1279 496 1329 est,
528 1275 591 1317 ita
620 1278 668 1317 ut
699 1273 885 1317 difficilis
903 1275 1055 1316 electio
1077 1273 1153 1316 fiat
1184 1279 1327 1317 utrum
1343 1289 1522 1319 narrare
1554 1291 1608 1320 an
1639 1291 1737 1330 pro-

215 1347 320 1390 bare
371 1348 478 1390 velle
528 1347 708 1390 dicatur.
779 1346 891 1389 Illud
944 1347 1195 1390 Anaximeni
1240 1347 1479 1402 obsequens
1538 1350 1736 1404 equidem

214 1419 414 1472 praetuli.

334 1491 438 1534 Cum
470 1490 635 1543 tragico
667 1490 869 1532 narrandi
900 1490 1008 1532 mori
1038 1491 1198 1543 optime
1231 1493 1455 1536 conveniat
1485 1494 1561 1536 illa
1590 1507 1740 1538 secun-

218 1562 318 1605 dum
359 1566 528 1614 tempus
573 1561 794 1614 tripertita
841 1560 1017 1613 divisio,
1066 1562 1180 1604 haud
1212 1562 1461 1607 dubitanter
1493 1565 1736 1620 ἀπαγγελίαν

217 1634 294 1688 (α),
328 1634 503 1687 δήλωσιν
536 1632 610 1686 (ὃ),
643 1632 855 1687 πρόρρησιν
889 1632 953 1686 (π)
987 1632 1172 1685 appictis
1205 1634 1363 1677 litteris
1395 1638 1552 1680 notavi.

332 1704 508 1747 Numeri
541 1716 592 1746 ex
622 1703 770 1746 tabula
800 1704 963 1746 maiore
996 1705 1235 1748 orationem
1265 1707 1469 1751 indicant.

334 1776 477 1820 Genus
509 1777 557 1818 A.
593 1779 660 1819 35.
693 1779 762 1818 43.
796 1779 863 1819 75.
901 1780 994 1819 104.
1033 1781 1125 1820 110.
1164 1781 1257 1820 129.
1295 1782 1388 1822 146.

332 1849 477 1891 Genus
507 1848 554 1890 B.
614 1852 649 1889 1.
695 1851 732 1889 2.
773 1852 810 1890 9.
847 1852 911 1890 15.
949 1852 1014 1891 16.
1067 1853 1131 1891 18.
1167 1854 1233 1893 31.
1268 1855 1334 1894 32.
1371 1856 1437 1896 36.
1471 1857 1538 1896 42.
1571 1859 1638 1898 49.
1671 1861 1738 1900 78.

621 1923 688 1962 90.
726 1923 819 1962 105.
856 1924 949 1964 106.
988 1924 1080 1964 112.
1120 1926 1212 1965 130.
1250 1927 1343 1966 140.
1380 1928 1475 1968 144.

333 1992 477 2034 Genus
509 1992 552 2034 C.
616 1995 654 2033 6.
688 1996 727 2033 7.
769 1995 806 2034 8.
845 1997 908 2034 14.
957 1997 1020 2035 19.
1056 1997 1122 2036 20.
1159 1998 1226 2037 21.
1261 1999 1327 2039 23.
1364 1999 1430 2039 24.
1465 2001 1533 2040 26.
1568 2002 1635 2041 27.
1670 2003 1736 2043 29.

620 2067 687 2107 39.
731 2067 795 2107 53.
843 2068 909 2107 56.
959 2069 1027 2108 57.
1061 2069 1128 2108 62.
1163 2070 1230 2109 63.
1266 2070 1330 2110 64.
1365 2072 1432 2112 79.
1466 2074 1534 2113 80.
1567 2075 1635 2115 85.
1670 2077 1737 2117 88.

623 2139 690 2178 89.
734 2139 801 2177 96.
849 2140 942 2179 103.
989 2141 1081 2179 109.
1118 2141 1211 2181 120.
1249 2142 1342 2182 122.
1381 2144 1474 2184 128.
1513 2147 1606 2187 134.
1644 2149 1737 2188 136.

620 2211 714 2251 138.
753 2212 847 2251 141.

333 2295 369 2320 α.
433 2283 471 2321 8.
508 2283 571 2322 18.
617 2283 684 2322 26.
731 2283 797 2323 27.
843 2284 909 2323 31.
945 2284 1011 2323 32.
1046 2286 1113 2325 49.
1157 2286 1222 2326 56.
1259 2288 1326 2326 57.
1362 2289 1428 2328 62.
1464 2291 1532 2330 63.
1567 2293 1633 2332 79.
1669 2294 1736 2334 80.

437 2354 505 2393 89.
554 2355 647 2394 103.
693 2356 786 2394 104.
836 2356 929 2395 106.
978 2357 1071 2397 109.
1109 2359 1202 2397 110.
1249 2360 1343 2400 112.
1381 2362 1474 2402 128.
1513 2364 1606 2404 130.
1643 2366 1736 2405 136.

438 2427 532 2467 138.
570 2428 663 2468 140.
700 2429 794 2468 144.
830 2429 922 2468 146.

332 2494 367 2536 ὃ.
430 2497 497 2537 29.
532 2498 598 2537 35.
632 2499 700 2538 43.
735 2499 803 2540 53.
838 2501 904 2539 75.
940 2500 1033 2539 129.

329 2583 369 2609 π.
434 2570 473 2608 2.
508 2570 546 2609 6.
581 2571 618 2610 7.
654 2571 720 2610 20.
756 2571 821 2611 24.
858 2573 923 2612 78.
957 2573 1024 2612 85.
1060 2572 1127 2612 96.
1164 2574 1258 2614 105.
1296 2575 1388 2617 120.
1426 2578 1519 2617 134.

331 2653 357 2678 α
387 2637 441 2692 -Ι-
475 2640 509 2681 ὃ.
575 2643 640 2681 14.
677 2643 741 2682 15.
780 2644 843 2683 16.
878 2645 945 2684 39.

331 2709 357 2751 α
389 2712 440 2764 -4-
473 2727 513 2752 π.
582 2715 675 2754 141.

331 2799 356 2825 α
389 2784 439 2839 -†-
474 2784 495 2824 δ
530 2784 582 2838 -1-
615 2800 655 2826 π.
723 2789 758 2827 1.
792 2789 829 2828 9.
868 2789 932 2829 19.
968 2787 1120 2832 21.23.
1155 2791 1221 2832 36.
1255 2792 1323 2835 42.
1352 2792 1418 2835 64.
1454 2794 1522 2837 88.
1543 2797 1609 2838 90.
1646 2799 1739 2840 122.

1360 2863 1420 2907 4*
