1910 3154
944 45 1000 85 20

216 159 488 203 Sententiose
520 162 710 202 extrema
742 158 858 200 dicta
889 162 1011 201 sunt:
1043 158 1154 200 unde
1176 158 1385 213 τεκμήριον
1414 157 1521 201 illud
1545 158 1630 201 iam
1659 168 1730 200 su-

212 244 292 287 pra
331 234 614 275 memoratum
652 230 869 274 illustres:
916 229 1083 273 scilicet
1126 229 1371 285 metallum,
1419 229 1532 285 quod
1576 240 1727 273 aurum

215 316 311 347 esse
337 305 474 347 visum
506 307 613 356 erat,
646 302 781 356 Lydio
815 301 958 355 lapide
989 302 1153 353 tritum,
1186 303 1343 344 lineam
1375 302 1461 344 iam
1482 315 1565 344 non
1596 312 1726 343 aureo

212 375 290 421 sed
320 375 451 419 rutilo
490 374 630 419 colore
672 374 838 429 signat;
877 373 939 416 ita
964 372 1118 416 oritur
1150 372 1421 417 contrarium.
1482 371 1727 417 Notandum

212 463 342 504 porro
373 454 466 501 est,
507 448 705 491 Medeam
737 461 762 490 a
793 447 923 490 verbo
953 448 1073 493 κακός
1105 447 1255 509 orandi
1285 447 1541 501 principium
1571 447 1726 490 fecisse

213 525 258 566 et
296 523 341 565 in
384 521 536 565 eodem
565 520 634 564 hic
675 520 870 563 desinere
901 520 1031 562 velle:
1079 519 1121 562 id
1167 519 1278 574 quod
1321 519 1434 574 apud
1478 518 1726 574 Euripidem

211 595 544 638 usitatissimum
574 606 670 636 esse
701 592 813 636 infra
841 591 1019 646 patebit.

325 666 516 710 Immane
558 667 763 720 quantum
812 663 1058 718 discrepare
1100 664 1212 706 inter
1253 664 1488 719 simplicem
1529 663 1727 719 Aeschyli

210 740 474 783 rhetoricam
505 742 549 782 et
578 737 853 792 Euripideam
895 741 1032 781 artem
1061 738 1169 780 satis
1199 738 1283 781 iam
1315 741 1496 782 constat.
1558 739 1615 781 At
1642 750 1726 781 non

211 806 529 866 tantum'poeta
549 815 704 865 poetae
735 810 997 854 aemulatur:
1031 811 1115 854 alia
1144 811 1291 854 insunt
1319 811 1511 865 pedestri
1541 811 1727 855 sermoni

208 886 347 941 magis
376 885 564 939 propria.
596 909 650 917 —

327 957 541 1001 Parisosis
583 961 626 1000 et
666 957 894 1000 antithesis
936 969 1020 999 non
1057 956 1213 1000 absunt
1244 970 1270 1000 a
1300 955 1494 1001 versibus
1526 957 1727 1000 extremis

212 1030 476 1086 (516—519,
510 1029 562 1072 cf.
581 1030 713 1072 Anax.
748 1041 807 1071 cc.
831 1031 897 1080 27,
932 1027 1015 1084 28).
1076 1029 1111 1070 E
1143 1028 1315 1072 Prodici
1347 1029 1493 1072 schola
1523 1032 1622 1072 sunt
1653 1029 1726 1071 de-

212 1107 380 1148 sumtae
402 1101 701 1146 distinctiones
723 1100 947 1145 verborum
977 1100 1165 1157 εὐτολμία
1197 1136 1205 1145 .
1241 1137 1249 1146 .
1283 1136 1291 1144 .
1325 1136 1334 1145 .
1367 1101 1547 1144 ἀναίδεια
1567 1101 1726 1159 (469-

212 1175 310 1231 71);
343 1178 387 1218 et
420 1173 648 1228 explicatio
688 1174 804 1233 vocis
834 1172 1075 1227 παγκάκιστε
1105 1187 1182 1228 per
1214 1174 1392 1229 μέγιστον
1426 1208 1434 1217 .
1469 1208 1477 1217 .
1511 1209 1520 1218 .
1553 1208 1562 1217 .
1592 1175 1726 1217 κακόν.

329 1249 386 1292 At
413 1251 553 1291 scatet
595 1247 898 1301 contrapositis
936 1246 1095 1303 (Quint.
1130 1251 1169 1302 9,
1203 1251 1240 1302 3,
1273 1248 1360 1303 81).
1421 1248 1571 1292 Liceat
1598 1247 1729 1292 verba

210 1318 485 1362 Anaximenis
517 1329 731 1372 apponere
764 1317 817 1372 (c.
851 1317 951 1370 27):
990 1315 1196 1359 Αντίθετον
1229 1315 1297 1372 μὲν
1329 1317 1394 1359 οὖν
1428 1318 1510 1359 ἐστι
1538 1316 1581 1359 τὸ
1614 1318 1727 1360 ἐναν-

209 1391 294 1433 τίαν
325 1390 395 1447 τὴν
439 1390 653 1446 ὀνομασίαν
686 1390 770 1446 ἅμα
799 1388 866 1431 καὶ
896 1389 964 1445 τὴν
998 1389 1160 1446 δύναμιν
1190 1392 1270 1438 τοῖς
1301 1391 1580 1447 ἀντικειμένοις
1621 1390 1727 1449 ἔχον,

211 1466 238 1520 ἢ
269 1462 313 1505 τὸ
345 1464 475 1520 ἕτερον
508 1462 669 1505 τούτων.
732 1463 1013 1517 Opponuntur
1052 1467 1100 1519 τῇ
1143 1462 1306 1519 δυνάμει
1335 1465 1496 1508 multa:
1535 1464 1654 1521 ἦλθες
1685 1463 1728 1505 ἔ-

211 1538 371 1594 χθιστος
400 1537 549 1592 (468);
581 1560 638 1568 -
669 1549 778 1590 quae
822 1536 1033 1590 oppositio
1075 1536 1118 1578 in
1159 1536 1435 1590 sequentibus
1480 1538 1641 1591 elucet,
1680 1564 1725 1570 —

211 1613 346 1657 κακῶς
378 1608 563 1665 δράσαντ’
593 1607 764 1650 ἐνάντιον
799 1608 953 1665 βλέπειν
986 1610 1131 1663 (470);
1169 1609 1269 1652 inde
1300 1610 1380 1664 ἐγὼ
1410 1611 1732 1667 κουφισθῆσομαι

257 1715 266 1724 .
302 1714 312 1724 .
345 1680 391 1723 σὺ
422 1682 617 1737 λυπήσει;
651 1680 795 1738 ψυχὴν,
828 1680 958 1723 κλύων
991 1681 1062 1737 (cf.
1097 1681 1137 1724 S.
1170 1683 1267 1725 Ant.
1303 1685 1382 1725 317
1415 1683 1453 1725 ἐν
1484 1684 1602 1726 τοῖσιν
1635 1683 1747 1747 ὠσὶνχ

213 1759 241 1813 ἢ
276 1756 332 1799 ’πί
361 1759 409 1812 τῇ
450 1756 560 1813 ψοχῇ
598 1753 773 1811 δάκνει);
819 1754 1031 1811 προθύμως
1075 1756 1222 1811 μᾶλλον
1265 1758 1290 1811 ἢ
1334 1757 1543 1813 σοφωτέρα
1583 1759 1730 1815 (485);

210 1831 335 1871 ταῦτα
351 1829 488 1871 παθὼν
506 1827 742 1884 προύδωκας
759 1829 864 1883 ἡμᾶς
882 1829 1085 1883 (488—9,
1118 1828 1168 1871 cf.
1190 1829 1427 1883 exemplum
1448 1829 1562 1884 apud
1575 1830 1731 1873 Anaxi-

212 1914 380 1946 menem
412 1902 434 1956 ξ
468 1903 534 1958 2);
576 1899 800 1956 θαυμαστὸν
834 1933 841 1941 .
877 1934 884 1941 .
919 1917 964 1942 σε
995 1933 1003 1941 .
1039 1934 1047 1941 .
1081 1933 1089 1941 .
1122 1899 1188 1941 καὶ
1219 1900 1353 1943 πιστὸν
1386 1935 1395 1942 .
1429 1935 1438 1943 .
1470 1900 1619 1944 τάλαιν’
1650 1904 1730 1958 ἐγώ

213 1975 452 2029 (510—11)
481 1975 634 2029 χρυσοῦ
668 2007 676 2016 .
706 2005 714 2013 .
748 1973 953 2028 τεκμήρια,
989 1973 1141 2029 ἀνδρῶν
1174 1972 1303 2021 οὐδεὶς
1333 1973 1539 2031 χαρακτὴρ
1571 1976 1732 2031 (516-

215 2049 298 2099 19).
360 2045 600 2089 Verborum
640 2045 952 2099 oppositionem
993 2049 1037 2088 et
1086 2046 1314 2102 παρήχησιν
1359 2046 1516 2090 habes:
1565 2048 1731 2104 πρώτων

210 2121 365 2175 πρῶτον
397 2118 545 2173 (475);
579 2115 735 2173 θράσος,
769 2117 970 2172 εὐτολμία,
1004 2117 1207 2171 ἀναιδείας
1246 2118 1411 2172 παίδων,
1444 2118 1562 2167 ἄπαις
1595 2121 1731 2175 (490).

210 2192 399 2235 Nimiam
414 2190 550 2235 habes
568 2191 758 2235 eiusdem
780 2191 953 2235 litterae
974 2192 1271 2235 assiduitatem
1304 2192 1482 2248 (Cornif.
1494 2197 1534 2246 4,
1553 2196 1617 2247 12,
1636 2193 1705 2251 18)
1723 2207 1732 2236 ε

211 2266 467 2319 Polysigma‚
485 2268 583 2316 476,
607 2268 712 2316 480;
746 2276 874 2318 saepe
894 2265 1096 2307 iteratum
1118 2282 1158 2319 π,
1191 2269 1274 2308 478
1293 2266 1383 2320 (4);
1417 2269 1498 2309 502
1516 2265 1604 2322 (5);
1636 2279 1734 2309 con-

211 2339 356 2382 iuncta
388 2354 416 2379 π
447 2341 490 2381 et
523 2354 558 2390 0,
593 2340 688 2380 515.
762 2338 881 2381 Idem
923 2336 1058 2381 habes
1096 2338 1139 2380 in
1178 2338 1321 2383 verbis
1364 2339 1500 2383 artius
1541 2343 1733 2384 constru-

215 2412 355 2454 ctione
388 2411 626 2453 coniunctis
657 2408 773 2451 καινὰ
803 2411 957 2451 κεῖσθαι
988 2414 1093 2463 494;
1127 2411 1237 2453 πόσιν
1269 2410 1334 2452 καὶ
1365 2410 1498 2454 πιστὸν
1532 2416 1638 2465 511;
1669 2428 1736 2454 νε·-

214 2482 309 2526 ωστὶ
340 2482 502 2540 νυμφίῳ
536 2487 632 2526 514.

327 2557 563 2612 Longiores
604 2559 703 2599 sunt
744 2556 1035 2610 oppositiones
1079 2557 1121 2598 in
1162 2556 1304 2600 verbis
1346 2561 1389 2601 et
1432 2558 1475 2600 in
1509 2558 1735 2602 sententiis

210 2631 401 2685 (493--4
433 2633 476 2672 et
511 2629 722 2683 506—8),
764 2628 835 2692 ubi
876 2633 1020 2672 tamen
1062 2629 1206 2683 aliqua
1248 2630 1362 2673 inter
1402 2643 1449 2673 se
1488 2631 1652 2675 minora
1684 2644 1736 2675 ex

210 2702 427 2745 contrario
454 2705 571 2744 stant
602 2699 691 2748 τοὺς
717 2702 816 2753 τότε,
849 2699 897 2742 τὰ
921 2703 1011 2753 νῦνς
1046 2699 1170 2753 θεοὺς,
1205 2701 1451 2758 ἀνθρώποις;
1484 2700 1635 2745 οἴκοθεν
1667 2702 1737 2760 φί-

202 2776 298 2829 λοις,
332 2773 546 2830 πολεμίους
577 2772 674 2831 ἔχω.
738 2774 828 2818 HOS
858 2786 1009 2818 versus
1041 2774 1254 2830 (506—8)
1294 2775 1428 2820 etiam
1464 2774 1517 2821 ob
1550 2775 1737 2821 antithe-
